{"id":"roriashowdown-gen9natdexrcou-1928","p1":"","p2":"cloxd4u_","format":"[Gen 9] NatDex RC OU","uploadtime":1773087172,"log":"|j|☆ceiiardoor\n|j|☆cloxd4u_\n|t:|1773086804\n|gametype|singles\n|player|p1|ceiiardoor|olivia|1326\n|player|p2|cloxd4u_|nate|1070\n|gen|9\n|tier|[Gen 9] NatDex RC OU\n|rated|\n|rule|HP Percentage Mod: HP is shown in percentages\n|rule|Endless Battle Clause: Forcing endless battles is banned\n|rule|Species Clause: Limit one of each Pokémon\n|rule|OHKO Clause: OHKO moves are banned\n|rule|Evasion Clause: Evasion abilities, items, and moves are banned\n|rule|Evasion Abilities Clause: Evasion abilities are banned\n|rule|Evasion Items Clause: Evasion items are banned\n|rule|Evasion Moves Clause: Evasion moves are banned\n|rule|Sleep Clause Mod: Limit one foe put to sleep\n|rule|Terastal Clause: You cannot Terastallize\n|clearpoke\n|poke|p1|Kingambit, M|\n|poke|p1|Iron Valiant|\n|poke|p1|Slowbro, M|\n|poke|p1|Raging Bolt|\n|poke|p1|Iron Treads|\n|poke|p1|Charizard, F|\n|poke|p2|Hatterene, F|\n|poke|p2|Cresselia, F|\n|poke|p2|Porygon2|\n|poke|p2|Ursaluna, M|\n|poke|p2|Mawile, F|\n|poke|p2|Marowak-Alola, M|\n|teampreview\n|inactive|Battle timer is ON: inactive players will automatically lose when time's up. (requested by ceiiardoor)\n|c|☆cloxd4u_|OH GOD\n|c|☆cloxd4u_|WHY\n|c|☆cloxd4u_|WHY\n|c|☆cloxd4u_|ANYBODY ELSE\n|\n|t:|1773086823\n|teamsize|p1|6\n|teamsize|p2|6\n|start\n|switch|p1a: Chaos King|Kingambit, M, shiny|100/100\n|switch|p2a: Hatterene|Hatterene, F|100/100\n|turn|1\n|\n|t:|1773086834\n|move|p1a: Chaos King|Iron Head|p2a: Hatterene\n|-supereffective|p2a: Hatterene\n|-damage|p2a: Hatterene|4/100\n|move|p2a: Hatterene|Trick Room|p2a: Hatterene\n|-fieldstart|move: Trick Room|[of] p2a: Hatterene\n|\n|upkeep\n|turn|2\n|\n|t:|1773086845\n|-zpower|p2a: Hatterene\n|move|p2a: Hatterene|Twinkle Tackle|p1a: Chaos King|[zeffect]\n|-crit|p1a: Chaos King\n|-damage|p1a: Chaos King|0 fnt\n|faint|p1a: Chaos King\n|-end|p1a: Chaos King|fallenundefined|[silent]\n|\n|upkeep\n|\n|t:|1773086862\n|switch|p1a: Iron Treads|Iron Treads|100/100\n|turn|3\n|\n|t:|1773086878\n|move|p2a: Hatterene|Misty Explosion|p1a: Iron Treads\n|-resisted|p1a: Iron Treads\n|-damage|p1a: Iron Treads|57/100\n|faint|p2a: Hatterene\n|move|p1a: Iron Treads|Earthquake|p2: Hatterene|[notarget]\n|-fail|p1a: Iron Treads\n|\n|-heal|p1a: Iron Treads|63/100|[from] item: Leftovers\n|upkeep\n|\n|t:|1773086892\n|switch|p2a: Ursaluna|Ursaluna, M|100/100\n|turn|4\n|\n|t:|1773086911\n|move|p2a: Ursaluna|Fire Punch|p1a: Iron Treads\n|-supereffective|p1a: Iron Treads\n|-damage|p1a: Iron Treads|8/100\n|move|p1a: Iron Treads|Earthquake|p2a: Ursaluna\n|-damage|p2a: Ursaluna|67/100\n|\n|-heal|p1a: Iron Treads|14/100|[from] item: Leftovers\n|-status|p2a: Ursaluna|brn|[from] item: Flame Orb\n|upkeep\n|turn|5\n|\n|t:|1773086922\n|move|p2a: Ursaluna|Facade|p1a: Iron Treads\n|-resisted|p1a: Iron Treads\n|-damage|p1a: Iron Treads|0 fnt\n|faint|p1a: Iron Treads\n|-end|p1a: Iron Treads|Quark Drive|[silent]\n|\n|-damage|p2a: Ursaluna|61/100 brn|[from] brn\n|-fieldend|move: Trick Room\n|upkeep\n|\n|t:|1773086948\n|switch|p1a: Iron Valiant|Iron Valiant|100/100\n|-enditem|p1a: Iron Valiant|Booster Energy\n|-activate|p1a: Iron Valiant|ability: Quark Drive|[fromitem]\n|-start|p1a: Iron Valiant|quarkdrivespe\n|turn|6\n|\n|t:|1773086964\n|switch|p2a: Cresselia|Cresselia, F|100/100\n|move|p1a: Iron Valiant|Close Combat|p2a: Cresselia\n|-resisted|p2a: Cresselia\n|-damage|p2a: Cresselia|86/100\n|-unboost|p1a: Iron Valiant|def|1\n|-unboost|p1a: Iron Valiant|spd|1\n|-damage|p1a: Iron Valiant|84/100|[from] item: Rocky Helmet|[of] p2a: Cresselia\n|\n|upkeep\n|turn|7\n|\n|t:|1773086973\n|move|p1a: Iron Valiant|Knock Off|p2a: Cresselia\n|-supereffective|p2a: Cresselia\n|-damage|p2a: Cresselia|50/100\n|-damage|p1a: Iron Valiant|67/100|[from] item: Rocky Helmet|[of] p2a: Cresselia\n|-enditem|p2a: Cresselia|Rocky Helmet|[from] move: Knock Off|[of] p1a: Iron Valiant\n|move|p2a: Cresselia|Trick Room|p2a: Cresselia\n|-fieldstart|move: Trick Room|[of] p2a: Cresselia\n|\n|upkeep\n|turn|8\n|inactive|cloxd4u_ has 120 seconds left.\n|\n|t:|1773087007\n|move|p2a: Cresselia|Lunar Dance|p2a: Cresselia\n|faint|p2a: Cresselia\n|move|p1a: Iron Valiant|Spirit Break|p2: Cresselia|[notarget]\n|-fail|p1a: Iron Valiant\n|\n|upkeep\n|\n|t:|1773087016\n|switch|p2a: Ursaluna|Ursaluna, M|61/100 brn\n|-heal|p2a: Ursaluna|100/100|[from] move: Lunar Dance\n|turn|9\n|inactive|cloxd4u_ has 90 seconds left.\n|\n|t:|1773087048\n|move|p2a: Ursaluna|Headlong Rush|p1a: Iron Valiant\n|-damage|p1a: Iron Valiant|0 fnt\n|-unboost|p2a: Ursaluna|def|1\n|-unboost|p2a: Ursaluna|spd|1\n|faint|p1a: Iron Valiant\n|-end|p1a: Iron Valiant|Quark Drive|[silent]\n|\n|-status|p2a: Ursaluna|brn|[from] item: Flame Orb\n|upkeep\n|\n|t:|1773087053\n|switch|p1a: Slowbro|Slowbro, M|100/100\n|turn|10\n|\n|t:|1773087065\n|move|p2a: Ursaluna|Facade|p1a: Slowbro\n|-damage|p1a: Slowbro|29/100\n|move|p1a: Slowbro|Teleport|p1a: Slowbro\n|\n|t:|1773087068\n|switch|p1a: Charizard|Charizard, F|100/100|[from] Teleport\n|\n|-damage|p2a: Ursaluna|94/100 brn|[from] brn\n|upkeep\n|turn|11\n|\n|t:|1773087074\n|switch|p1a: Slowbro|Slowbro, M|62/100\n|move|p2a: Ursaluna|Facade|p1a: Slowbro\n|-damage|p1a: Slowbro|0 fnt\n|faint|p1a: Slowbro\n|\n|-damage|p2a: Ursaluna|88/100 brn|[from] brn\n|-fieldend|move: Trick Room\n|upkeep\n|\n|t:|1773087088\n|switch|p1a: Charizard|Charizard, F|100/100\n|turn|12\n|\n|t:|1773087104\n|switch|p2a: Porygon2|Porygon2|100/100\n|-ability|p2a: Porygon2|Flash Fire|Trace|[from] ability: Trace|[of] p1a: Charizard\n|detailschange|p1a: Charizard|Charizard-Mega-X, F\n|-mega|p1a: Charizard|Charizard|Charizardite X\n|move|p1a: Charizard|Dragon Dance|p1a: Charizard\n|-boost|p1a: Charizard|atk|1\n|-boost|p1a: Charizard|spe|1\n|\n|upkeep\n|turn|13\n|\n|t:|1773087118\n|move|p1a: Charizard|Flare Blitz|p2a: Porygon2\n|-start|p2a: Porygon2|ability: Flash Fire\n|move|p2a: Porygon2|Trick Room|p2a: Porygon2\n|-fieldstart|move: Trick Room|[of] p2a: Porygon2\n|\n|upkeep\n|turn|14\n|c|☆cloxd4u_|hurry up??\n|inactive|ceiiardoor has 120 seconds left.\n|c|☆cloxd4u_|i might win\n|c|☆cloxd4u_|has a chance\n|c|☆cloxd4u_|i can make gimmick proud\n|\n|t:|1773087159\n|move|p1a: Charizard|Dragon Claw|p2a: Porygon2\n|-damage|p2a: Porygon2|43/100\n|move|p2a: Porygon2|Teleport|p2a: Porygon2\n|-message|ceiiardoor forfeited.\n|\n|win|cloxd4u_\n|raw|ceiiardoor's rating: 1326 &rarr; <strong>1300</strong><br />(-26 for losing)\n|raw|cloxd4u_'s rating: 1070 &rarr; <strong>1132</strong><br />(+62 for winning)\n|l|☆ceiiardoor\n|player|p1|\n|c|☆cloxd4u_|YES\n|c|☆cloxd4u_|YES\n|c|☆cloxd4u_|YES\n"}