{"id":"roriashowdown-gen9natdexrcou-1647","p1":"","p2":"imaginehd","format":"[Gen 9] NatDex RC OU","uploadtime":1772911590,"log":"|j|☆ceiiardoor\n|j|☆imaginehd\n|t:|1772911083\n|gametype|singles\n|player|p1|ceiiardoor|olivia|\n|player|p2|imaginehd|1|\n|gen|9\n|tier|[Gen 9] NatDex RC OU\n|rule|HP Percentage Mod: HP is shown in percentages\n|rule|Endless Battle Clause: Forcing endless battles is banned\n|rule|Species Clause: Limit one of each Pokémon\n|rule|OHKO Clause: OHKO moves are banned\n|rule|Evasion Clause: Evasion abilities, items, and moves are banned\n|rule|Evasion Abilities Clause: Evasion abilities are banned\n|rule|Evasion Items Clause: Evasion items are banned\n|rule|Evasion Moves Clause: Evasion moves are banned\n|rule|Sleep Clause Mod: Limit one foe put to sleep\n|rule|Terastal Clause: You cannot Terastallize\n|clearpoke\n|poke|p1|Terapagos, M|\n|poke|p1|Swellow, M|\n|poke|p1|Ogerpon-Cornerstone, F|\n|poke|p1|Great Tusk|\n|poke|p1|Dragalge, F|\n|poke|p1|Alomomola, F|\n|poke|p2|Tyranitar, M|\n|poke|p2|Gallade, M|\n|poke|p2|Alomomola, M|\n|poke|p2|Clodsire, F|\n|poke|p2|Skeledirge, M|\n|poke|p2|Skarmory, M|\n|teampreview\n|inactive|Battle timer is ON: inactive players will automatically lose when time's up. (requested by imaginehd)\n|\n|t:|1772911109\n|teamsize|p1|6\n|teamsize|p2|6\n|start\n|switch|p1a: Alomomola|Alomomola, F|100/100\n|switch|p2a: Gallade|Gallade, M|100/100\n|turn|1\n|\n|t:|1772911113\n|move|p2a: Gallade|Leaf Blade|p1a: Alomomola\n|-supereffective|p1a: Alomomola\n|-crit|p1a: Alomomola\n|-damage|p1a: Alomomola|0 fnt\n|faint|p1a: Alomomola\n|\n|upkeep\n|\n|t:|1772911116\n|switch|p1a: Swellow|Swellow, M|100/100\n|turn|2\n|\n|t:|1772911119\n|switch|p2a: Tyranitar|Tyranitar, M|100/100\n|-weather|Sandstorm|[from] ability: Sand Stream|[of] p2a: Tyranitar\n|move|p1a: Swellow|U-turn|p2a: Tyranitar\n|-supereffective|p2a: Tyranitar\n|-damage|p2a: Tyranitar|81/100\n|\n|t:|1772911124\n|switch|p1a: Ogerpon|Ogerpon-Cornerstone, F|100/100|[from] U-turn\n|\n|-weather|Sandstorm|[upkeep]\n|upkeep\n|turn|3\n|\n|t:|1772911130\n|switch|p2a: Skarmory|Skarmory, M|100/100\n|move|p1a: Ogerpon|Swords Dance|p1a: Ogerpon\n|-boost|p1a: Ogerpon|atk|2\n|\n|-weather|Sandstorm|[upkeep]\n|upkeep\n|turn|4\n|inactive|imaginehd has 270 seconds left.\n|c|☆ceiiardoor|?\n|inactive|imaginehd has 240 seconds left.\n|\n|t:|1772911207\n|move|p1a: Ogerpon|Ivy Cudgel|p2a: Skarmory|[anim] Ivy Cudgel Rock\n|-damage|p2a: Skarmory|32/100\n|move|p2a: Skarmory|Iron Defense|p2a: Skarmory\n|-boost|p2a: Skarmory|def|2\n|\n|-weather|Sandstorm|[upkeep]\n|upkeep\n|turn|5\n|inactive|ceiiardoor has 270 seconds left.\n|\n|t:|1772911258\n|move|p1a: Ogerpon|Ivy Cudgel|p2a: Skarmory|[anim] Ivy Cudgel Rock\n|-damage|p2a: Skarmory|2/100\n|move|p2a: Skarmory|Roost|p2a: Skarmory\n|-heal|p2a: Skarmory|52/100\n|-singleturn|p2a: Skarmory|move: Roost\n|\n|-weather|Sandstorm|[upkeep]\n|upkeep\n|turn|6\n|inactive|imaginehd has 240 seconds left.\n|\n|t:|1772911269\n|move|p1a: Ogerpon|Ivy Cudgel|p2a: Skarmory|[anim] Ivy Cudgel Rock\n|-damage|p2a: Skarmory|20/100\n|move|p2a: Skarmory|Roost|p2a: Skarmory\n|-heal|p2a: Skarmory|70/100\n|-singleturn|p2a: Skarmory|move: Roost\n|\n|-weather|none\n|upkeep\n|turn|7\n|\n|t:|1772911272\n|move|p1a: Ogerpon|Ivy Cudgel|p2a: Skarmory|[anim] Ivy Cudgel Rock\n|-damage|p2a: Skarmory|36/100\n|move|p2a: Skarmory|Roost|p2a: Skarmory\n|-heal|p2a: Skarmory|86/100\n|-singleturn|p2a: Skarmory|move: Roost\n|\n|upkeep\n|turn|8\n|\n|t:|1772911278\n|switch|p1a: Dragalge|Dragalge, F|100/100\n|move|p2a: Skarmory|Body Press|p1a: Dragalge\n|-resisted|p1a: Dragalge\n|-damage|p1a: Dragalge|67/100\n|\n|upkeep\n|turn|9\n|\n|t:|1772911283\n|switch|p2a: Clodsire|Clodsire, F|100/100\n|detailschange|p1a: Dragalge|Dragalge-Mega, F\n|-mega|p1a: Dragalge|Dragalge|Dragalgite\n|move|p1a: Dragalge|Flip Turn|p2a: Clodsire\n|-immune|p2a: Clodsire|[from] ability: Water Absorb\n|\n|upkeep\n|turn|10\n|\n|t:|1772911290\n|switch|p1a: Great Tusk|Great Tusk|100/100\n|move|p2a: Clodsire|Stealth Rock|p1a: Great Tusk\n|-sidestart|p1: ceiiardoor|move: Stealth Rock\n|\n|upkeep\n|turn|11\n|\n|t:|1772911305\n|-end|p1a: Great Tusk|Protosynthesis|[silent]\n|switch|p1a: Terapagos|Terapagos, M|100/100\n|-activate|p1a: Terapagos|ability: Tera Shift\n|detailschange|p1a: Terapagos|Terapagos-Terastal, M\n|-heal|p1a: Terapagos|100/100|[silent]\n|switch|p2a: Skarmory|Skarmory, M|86/100\n|\n|upkeep\n|turn|12\n|\n|t:|1772911313\n|switch|p1a: Ogerpon|Ogerpon-Cornerstone, F|100/100\n|-damage|p1a: Ogerpon|88/100|[from] Stealth Rock\n|switch|p2a: Tyranitar|Tyranitar, M|81/100\n|-weather|Sandstorm|[from] ability: Sand Stream|[of] p2a: Tyranitar\n|\n|-weather|Sandstorm|[upkeep]\n|upkeep\n|turn|13\n|\n|t:|1772911317\n|switch|p2a: Skeledirge|Skeledirge, M|100/100\n|move|p1a: Ogerpon|Power Whip|p2a: Skeledirge\n|-resisted|p2a: Skeledirge\n|-damage|p2a: Skeledirge|81/100\n|\n|-weather|Sandstorm|[upkeep]\n|-damage|p2a: Skeledirge|75/100|[from] Sandstorm\n|upkeep\n|turn|14\n|\n|t:|1772911336\n|switch|p1a: Dragalge|Dragalge-Mega, F|100/100\n|-damage|p1a: Dragalge|88/100|[from] Stealth Rock\n|move|p2a: Skeledirge|Will-O-Wisp|p1a: Dragalge\n|-status|p1a: Dragalge|brn\n|\n|-weather|Sandstorm|[upkeep]\n|-damage|p2a: Skeledirge|68/100|[from] Sandstorm\n|-damage|p1a: Dragalge|82/100 brn|[from] Sandstorm\n|-damage|p1a: Dragalge|76/100 brn|[from] brn\n|upkeep\n|turn|15\n|\n|t:|1772911344\n|switch|p2a: Clodsire|Clodsire, F|100/100\n|move|p1a: Dragalge|Spikes|p2a: Clodsire\n|-sidestart|p2: imaginehd|Spikes\n|\n|-weather|Sandstorm|[upkeep]\n|-damage|p1a: Dragalge|69/100 brn|[from] Sandstorm\n|-damage|p1a: Dragalge|63/100 brn|[from] brn\n|upkeep\n|turn|16\n|\n|t:|1772911351\n|switch|p1a: Swellow|Swellow, M|100/100\n|-damage|p1a: Swellow|76/100|[from] Stealth Rock\n|switch|p2a: Alomomola|Alomomola, M|100/100\n|\n|-weather|none\n|upkeep\n|turn|17\n|\n|t:|1772911359\n|move|p2a: Alomomola|Protect|p2a: Alomomola\n|-singleturn|p2a: Alomomola|Protect\n|move|p1a: Swellow|Boomburst|p2a: Alomomola\n|-activate|p2a: Alomomola|move: Protect\n|\n|upkeep\n|turn|18\n|\n|t:|1772911371\n|move|p1a: Swellow|Boomburst|p2a: Alomomola\n|-damage|p2a: Alomomola|21/100\n|move|p2a: Alomomola|Flip Turn|p1a: Swellow\n|-damage|p1a: Swellow|47/100\n|\n|t:|1772911374\n|switch|p2a: Tyranitar|Tyranitar, M|81/100|[from] Flip Turn\n|-damage|p2a: Tyranitar|68/100|[from] Spikes\n|-weather|Sandstorm|[from] ability: Sand Stream|[of] p2a: Tyranitar\n|\n|-weather|Sandstorm|[upkeep]\n|-damage|p1a: Swellow|41/100|[from] Sandstorm\n|upkeep\n|turn|19\n|\n|t:|1772911378\n|move|p1a: Swellow|Boomburst|p2a: Tyranitar\n|-resisted|p2a: Tyranitar\n|-damage|p2a: Tyranitar|56/100\n|move|p2a: Tyranitar|Pursuit|p1a: Swellow\n|-crit|p1a: Swellow\n|-damage|p1a: Swellow|0 fnt\n|faint|p1a: Swellow\n|\n|-weather|Sandstorm|[upkeep]\n|upkeep\n|\n|t:|1772911382\n|switch|p1a: Ogerpon|Ogerpon-Cornerstone, F|88/100\n|-damage|p1a: Ogerpon|76/100|[from] Stealth Rock\n|turn|20\n|inactive|imaginehd has 270 seconds left.\n|\n|t:|1772911434\n|move|p1a: Ogerpon|Swords Dance|p1a: Ogerpon\n|-boost|p1a: Ogerpon|atk|2\n|move|p2a: Tyranitar|Rock Blast|p1a: Ogerpon\n|-damage|p1a: Ogerpon|62/100\n|-damage|p1a: Ogerpon|47/100\n|-damage|p1a: Ogerpon|33/100\n|-hitcount|p1a: Ogerpon|3\n|\n|-weather|Sandstorm|[upkeep]\n|upkeep\n|turn|21\n|\n|t:|1772911444\n|move|p1a: Ogerpon|Ivy Cudgel|p2a: Tyranitar|[anim] Ivy Cudgel Rock\n|-damage|p2a: Tyranitar|0 fnt\n|faint|p2a: Tyranitar\n|\n|-weather|Sandstorm|[upkeep]\n|upkeep\n|\n|t:|1772911449\n|switch|p2a: Skarmory|Skarmory, M|86/100\n|turn|22\n|\n|t:|1772911453\n|move|p1a: Ogerpon|Ivy Cudgel|p2a: Skarmory|[anim] Ivy Cudgel Rock\n|-damage|p2a: Skarmory|25/100\n|move|p2a: Skarmory|Body Press|p1a: Ogerpon\n|-supereffective|p1a: Ogerpon\n|-damage|p1a: Ogerpon|0 fnt\n|faint|p1a: Ogerpon\n|\n|-weather|none\n|upkeep\n|\n|t:|1772911459\n|switch|p1a: Great Tusk|Great Tusk|100/100\n|-damage|p1a: Great Tusk|98/100|[from] Stealth Rock\n|turn|23\n|\n|t:|1772911471\n|move|p1a: Great Tusk|Stone Edge|p2a: Skarmory\n|-damage|p2a: Skarmory|6/100\n|move|p2a: Skarmory|Roost|p2a: Skarmory\n|-heal|p2a: Skarmory|56/100\n|-singleturn|p2a: Skarmory|move: Roost\n|\n|upkeep\n|turn|24\n|\n|t:|1772911485\n|-end|p1a: Great Tusk|Protosynthesis|[silent]\n|switch|p1a: Terapagos|Terapagos-Terastal, M|100/100\n|switch|p2a: Alomomola|Alomomola, M|54/100\n|\n|upkeep\n|turn|25\n|inactive|imaginehd has 270 seconds left.\n|\n|t:|1772911516\n|move|p1a: Terapagos|Rapid Spin|p2a: Alomomola\n|-damage|p2a: Alomomola|45/100\n|-boost|p1a: Terapagos|spe|1\n|-sideend|p1: ceiiardoor|Stealth Rock|[from] move: Rapid Spin|[of] p1a: Terapagos\n|move|p2a: Alomomola|Flip Turn|p1a: Terapagos\n|-activate|p1a: Terapagos|ability: Tera Shell\n|-resisted|p1a: Terapagos\n|-damage|p1a: Terapagos|92/100\n|inactive|imaginehd has 240 seconds left.\n|\n|t:|1772911549\n|switch|p2a: Gallade|Gallade, M|100/100|[from] Flip Turn\n|-damage|p2a: Gallade|88/100|[from] Spikes\n|\n|upkeep\n|turn|26\n|\n|t:|1772911552\n|move|p1a: Terapagos|Tera Starstorm|p2a: Gallade\n|-damage|p2a: Gallade|19/100\n|move|p2a: Gallade|Sacred Sword|p1a: Terapagos\n|-supereffective|p1a: Terapagos\n|-damage|p1a: Terapagos|0 fnt\n|faint|p1a: Terapagos\n|\n|upkeep\n|\n|t:|1772911555\n|switch|p1a: Great Tusk|Great Tusk|98/100\n|turn|27\n|\n|t:|1772911564\n|switch|p2a: Alomomola|Alomomola, M|78/100\n|move|p1a: Great Tusk|Ice Spinner|p2a: Alomomola\n|-resisted|p2a: Alomomola\n|-damage|p2a: Alomomola|70/100\n|\n|upkeep\n|turn|28\n|-message|ceiiardoor forfeited.\n|\n|win|imaginehd\n|l|☆ceiiardoor\n|player|p1|\n|c|☆imaginehd|gg\n"}