{"id":"roriashowdown-gen9natdexrcvgc2026regb-1795","p1":"","p2":"Jahim","format":"[Gen 9] NatDex RC VGC 2026 Reg B","uploadtime":1772923871,"log":"|j|☆Antboy12\n|j|☆Jahim\n|inactive|Battle timer is ON: inactive players will automatically lose when time's up.\n|t:|1772923288\n|gametype|doubles\n|player|p1|Antboy12|1|\n|player|p2|Jahim|1|\n|gen|9\n|tier|[Gen 9] NatDex RC VGC 2026 Reg B\n|rated|Tournament battle\n|rule|Species Clause: Limit one of each Pokémon\n|rule|Item Clause: Limit 1 of each item\n|rule|HP Percentage Mod: HP is shown in percentages\n|rule|Endless Battle Clause: Forcing endless battles is banned\n|rule|Terastal Clause: You cannot Terastallize\n|clearpoke\n|poke|p1|Dragonite, L50, M|\n|poke|p1|Incineroar, L50, F|\n|poke|p1|Torkoal, L50, F|\n|poke|p1|Typhlosion, L50, F|\n|poke|p1|Farigiraf, L50, M|\n|poke|p1|Lilligant-Hisui, L50, F|\n|poke|p2|Scream Tail, L50|\n|poke|p2|Tatsugiri, L50, M|\n|poke|p2|Dondozo, L50, F|\n|poke|p2|Cresselia, L50, F|\n|poke|p2|Flamigo, L50, F|\n|poke|p2|Comfey, L50, M|\n|teampreview|4\n|showteam|p1|Dragonite||LoadedDice|InnerFocus|ScaleShot,ExtremeSpeed,Tailwind,IceSpinner|||M|||50|]Incineroar||SafetyGoggles|Intimidate|FakeOut,FlareBlitz,KnockOff,PartingShot|||F|||50|]Torkoal||LifeOrb|Drought|Eruption,WeatherBall,SolarBeam,Protect|||F|||50|]Typhlosion||ChoiceScarf|FlashFire|Eruption,HeatWave,SolarBeam,ScorchingSands|||F|||50|]Farigiraf||MentalHerb|ArmorTail|FoulPlay,TrickRoom,HelpingHand,Protect|||M|||50|]Lilligant-Hisui||FocusSash|Chlorophyll|AfterYou,SleepPowder,SolarBlade,CloseCombat|||F|||50|\n|showteam|p2|Scream Tail||CovertCloak|Protosynthesis|Sing,BatonPass,PerishSong,MistyExplosion||||||50|]Tatsugiri||ToxicOrb|Commander|Endure,Substitute,DracoMeteor,Protect|||M|||50|]Dondozo||SitrusBerry|Unaware|OrderUp,BodyPress,Protect,Substitute|||F|||50|]Cresselia||NormaliumZ|Levitate|LunarBlessing,StoredPower,DazzlingGleam,PsychUp|||F|||50|]Flamigo||FlyingGem|Costar|Acrobatics,CloseCombat,Roost,Protect|||F|||50|]Comfey||EjectButton|Triage|DrainingKiss,Uturn,FloralHealing,Taunt|||M|||50|\n|c|☆Jahim|hf\n|c|☆Jahim|holy sun\n|inactive|Antboy12 has 60 seconds left.\n|\n|t:|1772923322\n|teamsize|p1|4\n|teamsize|p2|4\n|start\n|switch|p1a: Incineroar|Incineroar, L50, F|100/100\n|switch|p1b: Typhlosion|Typhlosion, L50, F|100/100\n|switch|p2a: Comfey|Comfey, L50, M|100/100\n|switch|p2b: Tatsugiri|Tatsugiri, L50, M, shiny|100/100\n|-ability|p1a: Incineroar|Intimidate|boost\n|-unboost|p2a: Comfey|atk|1\n|-unboost|p2b: Tatsugiri|atk|1\n|turn|1\n|\n|t:|1772923343\n|move|p2b: Tatsugiri|Endure|p2b: Tatsugiri\n|-singleturn|p2b: Tatsugiri|move: Endure\n|move|p2a: Comfey|Draining Kiss|p2b: Tatsugiri\n|-supereffective|p2b: Tatsugiri\n|-damage|p2b: Tatsugiri|16/100\n|move|p1a: Incineroar|Fake Out|p2a: Comfey\n|-damage|p2a: Comfey|86/100\n|-enditem|p2a: Comfey|Eject Button\n|\n|t:|1772923355\n|switch|p2a: Dondozo|Dondozo, L50, F|100/100\n|-activate|p2b: Tatsugiri|ability: Commander|[of] p2a: Dondozo\n|-boost|p2a: Dondozo|atk|2\n|-boost|p2a: Dondozo|spa|2\n|-boost|p2a: Dondozo|spe|2\n|-boost|p2a: Dondozo|def|2\n|-boost|p2a: Dondozo|spd|2\n|move|p1b: Typhlosion|Eruption|p2a: Dondozo|[spread] p2a\n|-miss|p1b: Typhlosion|p2b: Tatsugiri\n|-resisted|p2a: Dondozo\n|-damage|p2a: Dondozo|91/100\n|\n|-status|p2b: Tatsugiri|tox|[from] item: Toxic Orb\n|upkeep\n|turn|2\n|inactive|Antboy12 has 30 seconds left.\n|\n|t:|1772923386\n|switch|p1b: Torkoal|Torkoal, L50, F|100/100\n|-weather|SunnyDay|[from] ability: Drought|[of] p1b: Torkoal\n|move|p2a: Dondozo|Substitute|p2a: Dondozo\n|-start|p2a: Dondozo|Substitute\n|-damage|p2a: Dondozo|66/100\n|move|p1a: Incineroar|Knock Off|p2a: Dondozo\n|-activate|p2a: Dondozo|move: Substitute|[damage]\n|\n|-weather|SunnyDay|[upkeep]\n|-damage|p2b: Tatsugiri|10/100 tox|[from] psn\n|upkeep\n|turn|3\n|inactive|Jahim has 30 seconds left.\n|\n|t:|1772923411\n|move|p2a: Dondozo|Protect|p2a: Dondozo\n|-singleturn|p2a: Dondozo|Protect\n|move|p1a: Incineroar|Knock Off|p2a: Dondozo\n|-activate|p2a: Dondozo|move: Protect\n|move|p1b: Torkoal|Solar Beam||[still]\n|-prepare|p1b: Torkoal|Solar Beam\n|-anim|p1b: Torkoal|Solar Beam|p2a: Dondozo\n|-activate|p2a: Dondozo|move: Protect\n|\n|-weather|SunnyDay|[upkeep]\n|-damage|p2b: Tatsugiri|0 fnt|[from] psn\n|faint|p2b: Tatsugiri\n|upkeep\n|inactive|Jahim has 30 seconds left.\n|\n|t:|1772923440\n|switch|p2b: Cresselia|Cresselia, L50, F|100/100\n|turn|4\n|inactive|Antboy12 has 30 seconds left.\n|\n|t:|1772923466\n|move|p2a: Dondozo|Body Press|p1a: Incineroar\n|-supereffective|p1a: Incineroar\n|-damage|p1a: Incineroar|16/100\n|move|p2b: Cresselia|Psych Up|p2a: Dondozo\n|-copyboost|p2b: Cresselia|p2a: Dondozo|[from] move: Psych Up\n|move|p1a: Incineroar|Knock Off|p2a: Dondozo\n|-end|p2a: Dondozo|Substitute\n|move|p1b: Torkoal|Solar Beam||[still]\n|-prepare|p1b: Torkoal|Solar Beam\n|-anim|p1b: Torkoal|Solar Beam|p2a: Dondozo\n|-supereffective|p2a: Dondozo\n|-damage|p2a: Dondozo|30/100\n|-enditem|p2a: Dondozo|Sitrus Berry|[eat]\n|-heal|p2a: Dondozo|55/100|[from] item: Sitrus Berry\n|-damage|p1b: Torkoal|91/100|[from] item: Life Orb\n|\n|-weather|SunnyDay|[upkeep]\n|upkeep\n|turn|5\n|\n|t:|1772923488\n|move|p2b: Cresselia|Stored Power|p1b: Torkoal\n|-damage|p1b: Torkoal|0 fnt\n|faint|p1b: Torkoal\n|move|p2a: Dondozo|Order Up|p1a: Incineroar\n|-crit|p1a: Incineroar\n|-damage|p1a: Incineroar|0 fnt\n|faint|p1a: Incineroar\n|-boost|p2a: Dondozo|atk|1\n|\n|-weather|SunnyDay|[upkeep]\n|upkeep\n|\n|t:|1772923494\n|switch|p1a: Farigiraf|Farigiraf, L50, M|100/100\n|switch|p1b: Typhlosion|Typhlosion, L50, F|100/100\n|turn|6\n|\n|t:|1772923515\n|move|p2b: Cresselia|Stored Power|p1b: Typhlosion\n|-damage|p1b: Typhlosion|0 fnt\n|faint|p1b: Typhlosion\n|move|p2a: Dondozo|Body Press|p1a: Farigiraf\n|-damage|p1a: Farigiraf|60/100\n|move|p1a: Farigiraf|Foul Play|p2a: Dondozo\n|-damage|p2a: Dondozo|47/100\n|\n|-weather|none\n|upkeep\n|turn|7\n|-message|Antboy12 forfeited.\n|\n|win|Jahim\n|n|☆Antboy12|antboy12\n|n|☆Jahim|jahim\n|l|☆Antboy12\n|player|p1|\n"}