{"id":"roriashowdown-gen9natdexrcvgc2026regb-2042","p1":"hotdogman","p2":"","format":"[Gen 9] NatDex RC VGC 2026 Reg B","uploadtime":1773093684,"log":"|j|☆hotdogman\n|j|☆Jahim\n|t:|1773093170\n|gametype|doubles\n|player|p1|hotdogman|2|\n|player|p2|Jahim|102|\n|gen|9\n|tier|[Gen 9] NatDex RC VGC 2026 Reg B\n|rated|Tournament battle\n|rule|Species Clause: Limit one of each Pokémon\n|rule|Item Clause: Limit 1 of each item\n|rule|HP Percentage Mod: HP is shown in percentages\n|rule|Endless Battle Clause: Forcing endless battles is banned\n|rule|Terastal Clause: You cannot Terastallize\n|clearpoke\n|poke|p1|Cresselia, L50, F|\n|poke|p1|Chandelure, L50, M|\n|poke|p1|Conkeldurr, L50, M|\n|poke|p1|Clefairy, L50, F|\n|poke|p1|Cyclizar, L50, F|\n|poke|p1|Chatot, L50, F|\n|poke|p2|Charizard, L50, F|\n|poke|p2|Flutter Mane, L50|\n|poke|p2|Raging Bolt, L50|\n|poke|p2|Jumpluff, L50, M|\n|poke|p2|Walking Wake, L50|\n|poke|p2|Indeedee-F, L50, F|\n|teampreview|4\n|showteam|p1|Cresselia||MentalHerb|Levitate|HelpingHand,TrickRoom,Protect,LunarBlessing|||F|||50|]Chandelure||Chandelurite|FlashFire|ShadowBall,HeatWave,Protect,CalmMind|||M|||50|]Conkeldurr||ClearAmulet|IronFist|DrainPunch,BulkUp,Protect,KnockOff|||M|||50|]Clefairy||Eviolite|FriendGuard|FollowMe,AfterYou,Protect,Encore|||F|||50|]Cyclizar||ChoiceScarf|Regenerator|ShedTail,ThunderWave,DoubleEdge,BreakingSwipe|||F|||50|]Chatot||CovertCloak|Prankster|SunnyDay,Tailwind,Taunt,AirSlash|||F|||50|\n|showteam|p2|Charizard||CharizarditeY|FlashFire|HeatWave,SolarBeam,ScorchingSands,Protect|||F|||50|]Flutter Mane||FocusSash|Protosynthesis|Moonblast,ShadowBall,IcyWind,Protect||||||50|]Raging Bolt||AssaultVest|Protosynthesis|DracoMeteor,Thunderbolt,Thunderclap,Snarl||||||50|]Jumpluff||CovertCloak|Chlorophyll|Tailwind,SleepPowder,FloatyFall,RagePowder|||M|||50|]Walking Wake||LifeOrb|Protosynthesis|HydroSteam,DracoMeteor,Flamethrower,Protect||||||50|]Indeedee-F||PsychicSeed|PsychicSurge|TrickRoom,Imprison,FollowMe,ExpandingForce|||F|||50|\n|inactive|Battle timer is ON: inactive players will automatically lose when time's up. (requested by Jahim)\n|c|☆Jahim|cool team\n|c|☆hotdogman|thx\n|inactive|hotdogman has 60 seconds left.\n|inactive|Jahim has 60 seconds left.\n|\n|t:|1773093218\n|teamsize|p1|4\n|teamsize|p2|4\n|start\n|switch|p1a: Chandelure|Chandelure, L50, M|100/100\n|switch|p1b: Clefairy|Clefairy, L50, F|100/100\n|switch|p2a: 80 HP|Charizard, L50, F|100/100\n|switch|p2b: Flutter Mane|Flutter Mane, L50|100/100\n|turn|1\n|inactive|hotdogman has 30 seconds left.\n|inactive|Jahim has 30 seconds left.\n|inactive|hotdogman has 20 seconds left.\n|\n|t:|1773093253\n|detailschange|p2a: 80 HP|Charizard-Mega-Y, L50, F\n|-mega|p2a: 80 HP|Charizard|Charizardite Y\n|-weather|SunnyDay|[from] ability: Drought|[of] p2a: 80 HP\n|-activate|p2b: Flutter Mane|ability: Protosynthesis\n|-start|p2b: Flutter Mane|protosynthesisspe\n|move|p1b: Clefairy|Follow Me|p1b: Clefairy\n|-singleturn|p1b: Clefairy|move: Follow Me\n|move|p2b: Flutter Mane|Shadow Ball|p1b: Clefairy\n|-damage|p1b: Clefairy|63/100\n|move|p2a: 80 HP|Heat Wave|p1b: Clefairy|[spread] p1b\n|-start|p1a: Chandelure|ability: Flash Fire\n|-damage|p1b: Clefairy|8/100\n|move|p1a: Chandelure|Calm Mind|p1a: Chandelure\n|-boost|p1a: Chandelure|spa|1\n|-boost|p1a: Chandelure|spd|1\n|\n|-weather|SunnyDay|[upkeep]\n|upkeep\n|turn|2\n|inactive|hotdogman has 30 seconds left.\n|\n|t:|1773093280\n|move|p1b: Clefairy|Follow Me|p1b: Clefairy\n|-singleturn|p1b: Clefairy|move: Follow Me\n|move|p2b: Flutter Mane|Shadow Ball|p1b: Clefairy\n|-damage|p1b: Clefairy|0 fnt\n|faint|p1b: Clefairy\n|move|p2a: 80 HP|Scorching Sands|p1a: Chandelure\n|-supereffective|p1a: Chandelure\n|-damage|p1a: Chandelure|57/100\n|move|p1a: Chandelure|Heat Wave|p2a: 80 HP|[spread] p2b\n|-miss|p1a: Chandelure|p2a: 80 HP\n|-enditem|p2b: Flutter Mane|Focus Sash\n|-damage|p2b: Flutter Mane|1/100\n|\n|-weather|SunnyDay|[upkeep]\n|upkeep\n|\n|t:|1773093301\n|switch|p1b: Cresselia|Cresselia, L50, F|100/100\n|turn|3\n|\n|t:|1773093313\n|detailschange|p1a: Chandelure|Chandelure-Mega, L50, M\n|-mega|p1a: Chandelure|Chandelure|Chandelurite\n|-end|p1a: Chandelure|ability: Flash Fire|[silent]\n|move|p1a: Chandelure|Protect|p1a: Chandelure\n|-singleturn|p1a: Chandelure|Protect\n|move|p2b: Flutter Mane|Shadow Ball|p1a: Chandelure\n|-activate|p1a: Chandelure|move: Protect\n|move|p2a: 80 HP|Heat Wave|p1b: Cresselia|[spread] p1b\n|-activate|p1a: Chandelure|move: Protect\n|-damage|p1b: Cresselia|70/100\n|move|p1b: Cresselia|Trick Room|p1b: Cresselia\n|-fieldstart|move: Trick Room|[of] p1b: Cresselia\n|\n|-weather|SunnyDay|[upkeep]\n|upkeep\n|turn|4\n|\n|t:|1773093336\n|move|p2a: 80 HP|Protect|p2a: 80 HP\n|-singleturn|p2a: 80 HP|Protect\n|move|p2b: Flutter Mane|Protect|p2b: Flutter Mane\n|-singleturn|p2b: Flutter Mane|Protect\n|move|p1b: Cresselia|Lunar Blessing|p1b: Cresselia|[spread] p1a,p1b\n|-heal|p1a: Chandelure|83/100\n|-heal|p1b: Cresselia|95/100\n|move|p1a: Chandelure|Heat Wave|p2b: Flutter Mane|[spread] \n|-activate|p2a: 80 HP|move: Protect\n|-activate|p2b: Flutter Mane|move: Protect\n|\n|-weather|SunnyDay|[upkeep]\n|upkeep\n|turn|5\n|\n|t:|1773093357\n|move|p1b: Cresselia|Helping Hand|p1a: Chandelure\n|-singleturn|p1a: Chandelure|Helping Hand|[of] p1b: Cresselia\n|move|p1a: Chandelure|Heat Wave|p2b: Flutter Mane|[spread] p2a,p2b\n|-resisted|p2a: 80 HP\n|-damage|p2a: 80 HP|23/100\n|-damage|p2b: Flutter Mane|0 fnt\n|faint|p2b: Flutter Mane\n|-end|p2b: Flutter Mane|Protosynthesis|[silent]\n|move|p2a: 80 HP|Scorching Sands|p1a: Chandelure\n|-supereffective|p1a: Chandelure\n|-damage|p1a: Chandelure|47/100\n|\n|-weather|none\n|upkeep\n|\n|t:|1773093374\n|switch|p2b: Raging Bolt|Raging Bolt, L50|100/100\n|turn|6\n|\n|t:|1773093395\n|move|p1a: Chandelure|Protect|p1a: Chandelure\n|-singleturn|p1a: Chandelure|Protect\n|move|p1b: Cresselia|Lunar Blessing|p1b: Cresselia|[spread] p1a,p1b\n|-heal|p1a: Chandelure|72/100\n|-heal|p1b: Cresselia|100/100\n|move|p2b: Raging Bolt|Draco Meteor|p1a: Chandelure\n|-activate|p1a: Chandelure|move: Protect\n|move|p2a: 80 HP|Scorching Sands|p1a: Chandelure\n|-activate|p1a: Chandelure|move: Protect\n|\n|upkeep\n|turn|7\n|\n|t:|1773093417\n|move|p1b: Cresselia|Lunar Blessing|p1b: Cresselia|[spread] p1a,p1b\n|-heal|p1a: Chandelure|97/100\n|move|p2b: Raging Bolt|Draco Meteor|p1a: Chandelure\n|-damage|p1a: Chandelure|45/100\n|-unboost|p2b: Raging Bolt|spa|2\n|move|p1a: Chandelure|Shadow Ball|p2b: Raging Bolt\n|-damage|p2b: Raging Bolt|51/100\n|-unboost|p2b: Raging Bolt|spd|1\n|move|p2a: 80 HP|Scorching Sands|p1a: Chandelure\n|-supereffective|p1a: Chandelure\n|-damage|p1a: Chandelure|8/100\n|\n|-fieldend|move: Trick Room\n|upkeep\n|turn|8\n|inactive|hotdogman has 30 seconds left.\n|inactive|Jahim has 30 seconds left.\n|inactive|hotdogman has 20 seconds left.\n|inactive|hotdogman has 15 seconds left.\n|inactive|hotdogman has 10 seconds left.\n|\n|t:|1773093463\n|move|p1a: Chandelure|Protect|p1a: Chandelure\n|-singleturn|p1a: Chandelure|Protect\n|move|p2a: 80 HP|Heat Wave|p1b: Cresselia|[spread] p1b\n|-activate|p1a: Chandelure|move: Protect\n|-damage|p1b: Cresselia|79/100\n|move|p2b: Raging Bolt|Thunderbolt|p1b: Cresselia\n|-damage|p1b: Cresselia|65/100\n|move|p1b: Cresselia|Trick Room|p1b: Cresselia\n|-fieldstart|move: Trick Room|[of] p1b: Cresselia\n|\n|upkeep\n|turn|9\n|\n|t:|1773093479\n|move|p1a: Chandelure|Protect|p1a: Chandelure\n|-singleturn|p1a: Chandelure|Protect\n|move|p2b: Raging Bolt|Thunderclap||[still]\n|-fail|p2b: Raging Bolt\n|move|p1b: Cresselia|Lunar Blessing|p1b: Cresselia|[spread] p1a,p1b\n|-heal|p1a: Chandelure|33/100\n|-heal|p1b: Cresselia|90/100\n|move|p2a: 80 HP|Heat Wave|p1a: Chandelure|[spread] p1b\n|-activate|p1a: Chandelure|move: Protect\n|-damage|p1b: Cresselia|71/100\n|\n|upkeep\n|turn|10\n|c|☆Jahim|smart play \n|c|☆hotdogman|ty\n|inactive|Jahim has 30 seconds left.\n|inactive|Jahim has 20 seconds left.\n|inactive|Jahim has 15 seconds left.\n|\n|t:|1773093522\n|move|p1b: Cresselia|Lunar Blessing|p1b: Cresselia|[spread] p1a,p1b\n|-heal|p1a: Chandelure|58/100\n|-heal|p1b: Cresselia|96/100\n|move|p2b: Raging Bolt|Draco Meteor|p1a: Chandelure\n|-damage|p1a: Chandelure|33/100\n|-unboost|p2b: Raging Bolt|spa|2\n|move|p1a: Chandelure|Calm Mind|p1a: Chandelure\n|-boost|p1a: Chandelure|spa|1\n|-boost|p1a: Chandelure|spd|1\n|move|p2a: 80 HP|Scorching Sands|p1a: Chandelure\n|-supereffective|p1a: Chandelure\n|-damage|p1a: Chandelure|4/100\n|\n|upkeep\n|turn|11\n|inactive|Jahim has 30 seconds left.\n|\n|t:|1773093547\n|move|p1a: Chandelure|Protect|p1a: Chandelure\n|-singleturn|p1a: Chandelure|Protect\n|move|p2b: Raging Bolt|Thunderclap||[still]\n|-fail|p2b: Raging Bolt\n|move|p1b: Cresselia|Lunar Blessing|p1b: Cresselia|[spread] p1a,p1b\n|-heal|p1a: Chandelure|29/100\n|-heal|p1b: Cresselia|100/100\n|move|p2a: 80 HP|Heat Wave|p1a: Chandelure|[spread] p1b\n|-activate|p1a: Chandelure|move: Protect\n|-damage|p1b: Cresselia|82/100\n|\n|upkeep\n|turn|12\n|inactive|hotdogman has 30 seconds left.\n|inactive|Jahim has 30 seconds left.\n|inactive|hotdogman has 20 seconds left.\n|inactive|Jahim has 20 seconds left.\n|\n|t:|1773093586\n|move|p1b: Cresselia|Lunar Blessing|p1b: Cresselia|[spread] p1a,p1b\n|-heal|p1a: Chandelure|54/100\n|-heal|p1b: Cresselia|100/100\n|move|p2b: Raging Bolt|Draco Meteor|p1b: Cresselia\n|-damage|p1b: Cresselia|89/100\n|-unboost|p2b: Raging Bolt|spa|2\n|move|p1a: Chandelure|Calm Mind|p1a: Chandelure\n|-boost|p1a: Chandelure|spa|1\n|-boost|p1a: Chandelure|spd|1\n|move|p2a: 80 HP|Heat Wave|p1a: Chandelure|[spread] p1a,p1b\n|-resisted|p1a: Chandelure\n|-damage|p1a: Chandelure|46/100\n|-damage|p1b: Cresselia|67/100\n|\n|-fieldend|move: Trick Room\n|upkeep\n|turn|13\n|inactive|hotdogman has 30 seconds left.\n|\n|t:|1773093621\n|move|p1a: Chandelure|Protect|p1a: Chandelure\n|-singleturn|p1a: Chandelure|Protect\n|move|p2a: 80 HP|Scorching Sands|p1a: Chandelure\n|-activate|p1a: Chandelure|move: Protect\n|move|p2b: Raging Bolt|Draco Meteor|p1a: Chandelure\n|-activate|p1a: Chandelure|move: Protect\n|move|p1b: Cresselia|Lunar Blessing|p1b: Cresselia|[spread] p1a,p1b\n|-heal|p1a: Chandelure|71/100\n|-heal|p1b: Cresselia|92/100\n|\n|upkeep\n|turn|14\n|\n|t:|1773093627\n|move|p2a: 80 HP|Scorching Sands|p1a: Chandelure\n|-supereffective|p1a: Chandelure\n|-damage|p1a: Chandelure|50/100\n|move|p1a: Chandelure|Shadow Ball|p2b: Raging Bolt\n|-damage|p2b: Raging Bolt|0 fnt\n|faint|p2b: Raging Bolt\n|-end|p2b: Raging Bolt|Protosynthesis|[silent]\n|move|p1b: Cresselia|Trick Room|p1b: Cresselia\n|-fieldstart|move: Trick Room|[of] p1b: Cresselia\n|\n|upkeep\n|\n|t:|1773093632\n|switch|p2b: Walking Wake|Walking Wake, L50|100/100\n|turn|15\n|c|☆Jahim|gg man mb\n|\n|t:|1773093644\n|move|p1b: Cresselia|Helping Hand|p1a: Chandelure\n|-singleturn|p1a: Chandelure|Helping Hand|[of] p1b: Cresselia\n|move|p1a: Chandelure|Shadow Ball|p2b: Walking Wake\n|-damage|p2b: Walking Wake|0 fnt\n|faint|p2b: Walking Wake\n|-end|p2b: Walking Wake|Protosynthesis|[silent]\n|move|p2a: 80 HP|Scorching Sands|p1a: Chandelure\n|-supereffective|p1a: Chandelure\n|-damage|p1a: Chandelure|28/100\n|\n|upkeep\n|turn|16\n|-message|Jahim forfeited.\n|\n|win|hotdogman\n|n|☆hotdogman|hotdogman\n|n|☆Jahim|jahim\n|l|☆Jahim\n|player|p2|\n|c|☆hotdogman|gg\n"}