{"id":"roriashowdown-gen9natdexrcou-2038","p1":"","p2":"snarkydarky","format":"[Gen 9] NatDex RC OU","uploadtime":1773093633,"log":"|j|☆cloxd4u_\n|j|☆snarkydarky\n|t:|1773093023\n|gametype|singles\n|player|p1|cloxd4u_|nate|1124\n|player|p2|snarkydarky|brycen|1064\n|gen|9\n|tier|[Gen 9] NatDex RC OU\n|rated|\n|rule|HP Percentage Mod: HP is shown in percentages\n|rule|Endless Battle Clause: Forcing endless battles is banned\n|rule|Species Clause: Limit one of each Pokémon\n|rule|OHKO Clause: OHKO moves are banned\n|rule|Evasion Clause: Evasion abilities, items, and moves are banned\n|rule|Evasion Abilities Clause: Evasion abilities are banned\n|rule|Evasion Items Clause: Evasion items are banned\n|rule|Evasion Moves Clause: Evasion moves are banned\n|rule|Sleep Clause Mod: Limit one foe put to sleep\n|rule|Terastal Clause: You cannot Terastallize\n|clearpoke\n|poke|p1|Hatterene, F|\n|poke|p1|Cresselia, F|\n|poke|p1|Porygon2|\n|poke|p1|Ursaluna, M|\n|poke|p1|Mawile, F|\n|poke|p1|Marowak-Alola, M|\n|poke|p2|Weavile, F|\n|poke|p2|Bronzong|\n|poke|p2|Articuno-Galar|\n|poke|p2|Turtonator, M|\n|poke|p2|Golisopod, M|\n|poke|p2|Meganium, M|\n|teampreview\n|inactive|Battle timer is ON: inactive players will automatically lose when time's up. (requested by cloxd4u_)\n|\n|t:|1773093065\n|teamsize|p1|6\n|teamsize|p2|6\n|start\n|switch|p1a: Hatterene|Hatterene, F|100/100\n|switch|p2a: Bronzong|Bronzong, shiny|100/100\n|-weather|RainDance|[from] ability: Drizzle|[of] p2a: Bronzong\n|turn|1\n|\n|t:|1773093075\n|move|p2a: Bronzong|Flash Cannon|p1a: Hatterene\n|-supereffective|p1a: Hatterene\n|-damage|p1a: Hatterene|42/100\n|move|p1a: Hatterene|Trick Room|p1a: Hatterene\n|-fieldstart|move: Trick Room|[of] p1a: Hatterene\n|\n|-weather|RainDance|[upkeep]\n|upkeep\n|turn|2\n|\n|t:|1773093100\n|-zpower|p1a: Hatterene\n|move|p1a: Hatterene|Twinkle Tackle|p2a: Bronzong|[zeffect]\n|-resisted|p2a: Bronzong\n|-damage|p2a: Bronzong|63/100\n|move|p2a: Bronzong|Flash Cannon|p1a: Hatterene\n|-supereffective|p1a: Hatterene\n|-damage|p1a: Hatterene|0 fnt\n|faint|p1a: Hatterene\n|\n|-weather|RainDance|[upkeep]\n|upkeep\n|\n|t:|1773093126\n|switch|p1a: Ursaluna|Ursaluna, M|100/100\n|turn|3\n|inactive|snarkydarky has 120 seconds left.\n|\n|t:|1773093158\n|move|p1a: Ursaluna|Headlong Rush|p2a: Bronzong\n|-supereffective|p2a: Bronzong\n|-crit|p2a: Bronzong\n|-damage|p2a: Bronzong|0 fnt\n|-unboost|p1a: Ursaluna|def|1\n|-unboost|p1a: Ursaluna|spd|1\n|faint|p2a: Bronzong\n|\n|-weather|RainDance|[upkeep]\n|-status|p1a: Ursaluna|brn|[from] item: Flame Orb\n|upkeep\n|\n|t:|1773093169\n|switch|p2a: Meganium|Meganium, M, shiny|100/100\n|turn|4\n|\n|t:|1773093176\n|move|p2a: Meganium|Giga Drain|p1a: Ursaluna\n|-supereffective|p1a: Ursaluna\n|-damage|p1a: Ursaluna|0 fnt\n|faint|p1a: Ursaluna\n|\n|-weather|RainDance|[upkeep]\n|upkeep\n|\n|t:|1773093190\n|switch|p1a: Marowak|Marowak-Alola, M|100/100\n|turn|5\n|\n|t:|1773093205\n|switch|p2a: Turtonator|Turtonator, M, shiny|100/100\n|move|p1a: Marowak|Flare Blitz|p2a: Turtonator\n|-resisted|p2a: Turtonator\n|-damage|p2a: Turtonator|95/100\n|-damage|p1a: Marowak|84/100|[from] item: Rocky Helmet|[of] p2a: Turtonator\n|\n|-weather|RainDance|[upkeep]\n|-fieldend|move: Trick Room\n|upkeep\n|turn|6\n|\n|t:|1773093219\n|switch|p1a: Cresselia|Cresselia, F|100/100\n|move|p2a: Turtonator|Draco Meteor|p1a: Cresselia\n|-damage|p1a: Cresselia|73/100\n|-unboost|p2a: Turtonator|spa|2\n|\n|-weather|RainDance|[upkeep]\n|upkeep\n|turn|7\n|\n|t:|1773093231\n|switch|p2a: Articuno|Articuno-Galar, shiny|100/100\n|move|p1a: Cresselia|Trick Room|p1a: Cresselia\n|-fieldstart|move: Trick Room|[of] p1a: Cresselia\n|\n|-weather|RainDance|[upkeep]\n|upkeep\n|turn|8\n|inactive|cloxd4u_ has 120 seconds left.\n|\n|t:|1773093263\n|move|p1a: Cresselia|Lunar Dance|p1a: Cresselia\n|faint|p1a: Cresselia\n|move|p2a: Articuno|Hurricane|p1: Cresselia|[notarget]\n|-fail|p2a: Articuno\n|\n|-weather|none\n|upkeep\n|inactive|cloxd4u_ has 120 seconds left.\n|\n|t:|1773093270\n|switch|p1a: Mawile|Mawile, F|100/100\n|-ability|p1a: Mawile|Intimidate|boost\n|-unboost|p2a: Articuno|atk|1\n|-ability|p2a: Articuno|Competitive|boost\n|-boost|p2a: Articuno|spa|2\n|turn|9\n|inactive|cloxd4u_ has 120 seconds left.\n|\n|t:|1773093281\n|detailschange|p1a: Mawile|Mawile-Mega, F\n|-mega|p1a: Mawile|Mawile|Mawilite\n|move|p1a: Mawile|Sucker Punch|p2a: Articuno\n|-supereffective|p2a: Articuno\n|-damage|p2a: Articuno|0 fnt\n|faint|p2a: Articuno\n|\n|upkeep\n|\n|t:|1773093299\n|switch|p2a: Turtonator|Turtonator, M, shiny|95/100\n|turn|10\n|inactive|cloxd4u_ has 120 seconds left.\n|\n|t:|1773093329\n|switch|p1a: Marowak|Marowak-Alola, M|84/100\n|-heal|p1a: Marowak|100/100|[from] move: Lunar Dance\n|move|p2a: Turtonator|Flamethrower|p1a: Marowak\n|-resisted|p1a: Marowak\n|-damage|p1a: Marowak|81/100\n|\n|upkeep\n|turn|11\n|\n|t:|1773093350\n|move|p1a: Marowak|Bonemerang|p2a: Turtonator\n|-supereffective|p2a: Turtonator\n|-damage|p2a: Turtonator|65/100\n|-supereffective|p2a: Turtonator\n|-crit|p2a: Turtonator\n|-damage|p2a: Turtonator|23/100\n|-hitcount|p2a: Turtonator|2\n|move|p2a: Turtonator|Toxic|p1a: Marowak\n|-status|p1a: Marowak|tox\n|\n|-damage|p1a: Marowak|75/100 tox|[from] psn\n|-fieldend|move: Trick Room\n|upkeep\n|turn|12\n|\n|t:|1773093361\n|switch|p2a: Meganium|Meganium, M, shiny|100/100\n|switch|p1a: Porygon2|Porygon2|100/100\n|-ability|p1a: Porygon2|Triage|Trace|[from] ability: Trace|[of] p2a: Meganium\n|\n|upkeep\n|turn|13\n|\n|t:|1773093372\n|switch|p2a: Weavile|Weavile, F|100/100\n|move|p1a: Porygon2|Trick Room|p1a: Porygon2\n|-fieldstart|move: Trick Room|[of] p1a: Porygon2\n|\n|upkeep\n|turn|14\n|\n|t:|1773093384\n|switch|p1a: Marowak|Marowak-Alola, M|75/100 tox\n|move|p2a: Weavile|Low Kick|p1a: Marowak\n|-immune|p1a: Marowak\n|\n|-damage|p1a: Marowak|69/100 tox|[from] psn\n|upkeep\n|turn|15\n|\n|t:|1773093405\n|switch|p2a: Turtonator|Turtonator, M, shiny|23/100\n|move|p1a: Marowak|Poltergeist|p2a: Turtonator\n|-activate|p2a: Turtonator|move: Poltergeist|Rocky Helmet\n|-damage|p2a: Turtonator|0 fnt\n|faint|p2a: Turtonator\n|\n|-damage|p1a: Marowak|56/100 tox|[from] psn\n|upkeep\n|\n|t:|1773093420\n|switch|p2a: Golisopod|Golisopod, M, shiny|100/100\n|turn|16\n|\n|t:|1773093439\n|detailschange|p2a: Golisopod|Golisopod-Mega, M, shiny\n|-mega|p2a: Golisopod|Golisopod|Golisopite\n|move|p2a: Golisopod|Sucker Punch|p1a: Marowak\n|-supereffective|p1a: Marowak\n|-damage|p1a: Marowak|0 fnt\n|faint|p1a: Marowak\n|\n|upkeep\n|\n|t:|1773093447\n|switch|p1a: Mawile|Mawile-Mega, F|100/100\n|turn|17\n|inactive|cloxd4u_ has 90 seconds left.\n|\n|t:|1773093467\n|switch|p2a: Meganium|Meganium, M, shiny|100/100\n|move|p1a: Mawile|Sucker Punch||[still]\n|-fail|p1a: Mawile\n|\n|-fieldend|move: Trick Room\n|upkeep\n|turn|18\n|\n|t:|1773093475\n|move|p1a: Mawile|Sucker Punch|p2a: Meganium\n|-resisted|p2a: Meganium\n|-damage|p2a: Meganium|80/100\n|move|p2a: Meganium|Moonblast|p1a: Mawile\n|-resisted|p1a: Mawile\n|-crit|p1a: Mawile\n|-damage|p1a: Mawile|63/100\n|-unboost|p1a: Mawile|spa|1\n|\n|-heal|p2a: Meganium|86/100|[from] item: Leftovers\n|upkeep\n|turn|19\n|\n|t:|1773093490\n|switch|p1a: Porygon2|Porygon2|100/100\n|-ability|p1a: Porygon2|Triage|Trace|[from] ability: Trace|[of] p2a: Meganium\n|move|p2a: Meganium|Moonblast|p1a: Porygon2\n|-damage|p1a: Porygon2|79/100\n|\n|-heal|p2a: Meganium|92/100|[from] item: Leftovers\n|upkeep\n|turn|20\n|\n|t:|1773093500\n|switch|p2a: Golisopod|Golisopod-Mega, M, shiny|100/100\n|move|p1a: Porygon2|Trick Room|p1a: Porygon2\n|-fieldstart|move: Trick Room|[of] p1a: Porygon2\n|\n|upkeep\n|turn|21\n|\n|t:|1773093513\n|move|p2a: Golisopod|Close Combat|p1a: Porygon2\n|-supereffective|p1a: Porygon2\n|-damage|p1a: Porygon2|5/100\n|-unboost|p2a: Golisopod|def|1\n|-unboost|p2a: Golisopod|spd|1\n|move|p1a: Porygon2|Teleport|p1a: Porygon2\n|\n|t:|1773093519\n|switch|p1a: Mawile|Mawile-Mega, F|63/100|[from] Teleport\n|\n|upkeep\n|turn|22\n|\n|t:|1773093527\n|switch|p2a: Weavile|Weavile, F|100/100\n|move|p1a: Mawile|Play Rough|p2a: Weavile\n|-supereffective|p2a: Weavile\n|-damage|p2a: Weavile|0 fnt\n|faint|p2a: Weavile\n|\n|upkeep\n|\n|t:|1773093536\n|switch|p2a: Golisopod|Golisopod-Mega, M, shiny|100/100\n|turn|23\n|\n|t:|1773093545\n|move|p1a: Mawile|Play Rough|p2a: Golisopod\n|-resisted|p2a: Golisopod\n|-damage|p2a: Golisopod|74/100\n|move|p2a: Golisopod|Close Combat|p1a: Mawile\n|-damage|p1a: Mawile|14/100\n|-unboost|p2a: Golisopod|def|1\n|-unboost|p2a: Golisopod|spd|1\n|\n|upkeep\n|turn|24\n|\n|t:|1773093558\n|move|p1a: Mawile|Sucker Punch|p2a: Golisopod\n|-damage|p2a: Golisopod|35/100\n|move|p2a: Golisopod|Sucker Punch||[still]\n|-fail|p2a: Golisopod\n|\n|-fieldend|move: Trick Room\n|upkeep\n|turn|25\n|inactive|cloxd4u_ has 120 seconds left.\n|\n|t:|1773093574\n|move|p1a: Mawile|Sucker Punch|p2a: Golisopod\n|-damage|p2a: Golisopod|0 fnt\n|faint|p2a: Golisopod\n|detailschange|p2: Golisopod|Golisopod, M, shiny|[silent]\n|\n|upkeep\n|\n|t:|1773093575\n|switch|p2a: Meganium|Meganium, M, shiny|92/100\n|turn|26\n|inactive|cloxd4u_ has 120 seconds left.\n|j| elmocapalot\n|\n|t:|1773093596\n|move|p2a: Meganium|Giga Drain|p1a: Mawile\n|-resisted|p1a: Mawile\n|-damage|p1a: Mawile|0 fnt\n|-heal|p2a: Meganium|97/100|[from] drain|[of] p1a: Mawile\n|faint|p1a: Mawile\n|detailschange|p1: Mawile|Mawile, F|[silent]\n|\n|-heal|p2a: Meganium|100/100|[from] item: Leftovers\n|upkeep\n|l| elmocapalot\n|\n|t:|1773093602\n|switch|p1a: Porygon2|Porygon2|5/100\n|-ability|p1a: Porygon2|Triage|Trace|[from] ability: Trace|[of] p2a: Meganium\n|turn|27\n|inactive|cloxd4u_ has 120 seconds left.\n|\n|t:|1773093609\n|move|p2a: Meganium|Giga Drain|p1a: Porygon2\n|-damage|p1a: Porygon2|0 fnt\n|faint|p1a: Porygon2\n|\n|win|snarkydarky\n|raw|cloxd4u_'s rating: 1124 &rarr; <strong>1103</strong><br />(-21 for losing)\n|raw|snarkydarky's rating: 1064 &rarr; <strong>1109</strong><br />(+45 for winning)\n|l|☆cloxd4u_\n|player|p1|\n"}