{"id":"roriashowdown-gen9natdexrcou-2163","p1":"","p2":"prod","format":"[Gen 9] NatDex RC OU","uploadtime":1773169282,"log":"|j|☆Ammario8239\n|j|☆prod\n|t:|1773168958\n|gametype|singles\n|player|p1|Ammario8239|miku-ground|1053\n|player|p2|prod|101|1208\n|gen|9\n|tier|[Gen 9] NatDex RC OU\n|rated|\n|rule|HP Percentage Mod: HP is shown in percentages\n|rule|Endless Battle Clause: Forcing endless battles is banned\n|rule|Species Clause: Limit one of each Pokémon\n|rule|OHKO Clause: OHKO moves are banned\n|rule|Evasion Clause: Evasion abilities, items, and moves are banned\n|rule|Evasion Abilities Clause: Evasion abilities are banned\n|rule|Evasion Items Clause: Evasion items are banned\n|rule|Evasion Moves Clause: Evasion moves are banned\n|rule|Sleep Clause Mod: Limit one foe put to sleep\n|rule|Terastal Clause: You cannot Terastallize\n|clearpoke\n|poke|p1|Volcarona, M|\n|poke|p1|Glimmora, F|\n|poke|p1|Gholdengo|\n|poke|p1|Alomomola, M|\n|poke|p1|Urshifu-*, F|\n|poke|p1|Golisopod, F|\n|poke|p2|Infernape, F|\n|poke|p2|Slowking-Galar, F|\n|poke|p2|Aerodactyl, M|\n|poke|p2|Alomomola, F|\n|poke|p2|Great Tusk|\n|poke|p2|Meganium, M|\n|teampreview\n|c|☆prod|glhf\n|\n|t:|1773168972\n|teamsize|p1|6\n|teamsize|p2|6\n|start\n|switch|p1a: Glimmora|Glimmora, F|100/100\n|switch|p2a: Great Tusk|Great Tusk|100/100\n|turn|1\n|c|☆Ammario8239|u should totes play reg B after this\n|c|☆prod|dont have team unfortunately\n|\n|t:|1773168995\n|switch|p1a: Golisopod|Golisopod, F|100/100\n|move|p2a: Great Tusk|Headlong Rush|p1a: Golisopod\n|-resisted|p1a: Golisopod\n|-damage|p1a: Golisopod|78/100\n|-unboost|p2a: Great Tusk|def|1\n|-unboost|p2a: Great Tusk|spd|1\n|\n|upkeep\n|turn|2\n|\n|t:|1773169014\n|-end|p2a: Great Tusk|Protosynthesis|[silent]\n|switch|p2a: Alomomola|Alomomola, F|100/100\n|detailschange|p1a: Golisopod|Golisopod-Mega, F\n|-mega|p1a: Golisopod|Golisopod|Golisopite\n|move|p1a: Golisopod|First Impression|p2a: Alomomola\n|-damage|p2a: Alomomola|64/100\n|\n|upkeep\n|turn|3\n|\n|t:|1773169022\n|move|p2a: Alomomola|Flip Turn|p1a: Golisopod\n|-damage|p1a: Golisopod|68/100\n|\n|t:|1773169039\n|switch|p2a: Meganium|Meganium, M|100/100|[from] Flip Turn\n|move|p1a: Golisopod|Leech Life|p2a: Meganium\n|-damage|p2a: Meganium|67/100\n|-heal|p1a: Golisopod|87/100|[from] drain|[of] p2a: Meganium\n|-damage|p1a: Golisopod|71/100|[from] item: Rocky Helmet|[of] p2a: Meganium\n|\n|upkeep\n|turn|4\n|\n|t:|1773169047\n|switch|p2a: Alomomola|Alomomola, F|98/100\n|move|p1a: Golisopod|Iron Head|p2a: Alomomola\n|-resisted|p2a: Alomomola\n|-damage|p2a: Alomomola|82/100\n|\n|upkeep\n|turn|5\n|\n|t:|1773169049\n|move|p2a: Alomomola|Wish|p2a: Alomomola\n|move|p1a: Golisopod|Leech Life|p2a: Alomomola\n|-damage|p2a: Alomomola|50/100\n|-heal|p1a: Golisopod|92/100|[from] drain|[of] p2a: Alomomola\n|\n|upkeep\n|turn|6\n|\n|t:|1773169053\n|switch|p2a: Infernape|Infernape, F|100/100\n|move|p1a: Golisopod|Leech Life|p2a: Infernape\n|-resisted|p2a: Infernape\n|-damage|p2a: Infernape|80/100\n|-heal|p1a: Golisopod|100/100|[from] drain|[of] p2a: Infernape\n|\n|-heal|p2a: Infernape|100/100|[from] move: Wish|[wisher] Alomomola\n|upkeep\n|turn|7\n|\n|t:|1773169059\n|switch|p1a: Alomomola|Alomomola, M|100/100\n|move|p2a: Infernape|Swords Dance|p2a: Infernape\n|-boost|p2a: Infernape|atk|2\n|\n|upkeep\n|turn|8\n|\n|t:|1773169061\n|move|p2a: Infernape|Close Combat|p1a: Alomomola\n|-damage|p1a: Alomomola|0 fnt\n|-unboost|p2a: Infernape|def|1\n|-unboost|p2a: Infernape|spd|1\n|faint|p1a: Alomomola\n|-damage|p2a: Infernape|91/100|[from] item: Life Orb\n|\n|upkeep\n|\n|t:|1773169066\n|switch|p1a: Urshifu|Urshifu-Rapid-Strike, F|100/100\n|turn|9\n|\n|t:|1773169073\n|switch|p2a: Meganium|Meganium, M|67/100\n|move|p1a: Urshifu|Surging Strikes|p2a: Meganium\n|-resisted|p2a: Meganium\n|-crit|p2a: Meganium\n|-damage|p2a: Meganium|61/100\n|-damage|p1a: Urshifu|84/100|[from] item: Rocky Helmet|[of] p2a: Meganium\n|-resisted|p2a: Meganium\n|-crit|p2a: Meganium\n|-damage|p2a: Meganium|54/100\n|-damage|p1a: Urshifu|68/100|[from] item: Rocky Helmet|[of] p2a: Meganium\n|-resisted|p2a: Meganium\n|-crit|p2a: Meganium\n|-damage|p2a: Meganium|47/100\n|-damage|p1a: Urshifu|51/100|[from] item: Rocky Helmet|[of] p2a: Meganium\n|-hitcount|p2a: Meganium|3\n|\n|upkeep\n|turn|10\n|\n|t:|1773169079\n|switch|p1a: Volcarona|Volcarona, M|100/100\n|switch|p2a: Infernape|Infernape, F|91/100\n|\n|upkeep\n|turn|11\n|\n|t:|1773169084\n|move|p2a: Infernape|Flare Blitz|p1a: Volcarona\n|-damage|p1a: Volcarona|0 fnt\n|faint|p1a: Volcarona\n|-damage|p2a: Infernape|55/100|[from] Recoil\n|-damage|p2a: Infernape|46/100|[from] item: Life Orb\n|\n|upkeep\n|\n|t:|1773169087\n|switch|p1a: Glimmora|Glimmora, F|100/100\n|turn|12\n|\n|t:|1773169089\n|move|p2a: Infernape|Close Combat|p1a: Glimmora\n|-damage|p1a: Glimmora|0 fnt\n|-unboost|p2a: Infernape|def|1\n|-unboost|p2a: Infernape|spd|1\n|-activate|p1a: Glimmora|ability: Toxic Debris\n|-sidestart|p2: prod|move: Toxic Spikes\n|faint|p1a: Glimmora\n|-damage|p2a: Infernape|36/100|[from] item: Life Orb\n|\n|upkeep\n|\n|t:|1773169095\n|switch|p1a: Golisopod|Golisopod-Mega, F|100/100\n|turn|13\n|c|☆Ammario8239|this will kill trust\n|c|☆prod|kk\n|\n|t:|1773169108\n|switch|p2a: Slowking|Slowking-Galar, F|100/100\n|-sideend|p2: prod|move: Toxic Spikes|[of] p2a: Slowking\n|move|p1a: Golisopod|First Impression|p2a: Slowking\n|-damage|p2a: Slowking|41/100\n|\n|upkeep\n|turn|14\n|\n|t:|1773169112\n|switch|p2a: Alomomola|Alomomola, F|83/100\n|move|p1a: Golisopod|Leech Life|p2a: Alomomola\n|-damage|p2a: Alomomola|53/100\n|\n|upkeep\n|turn|15\n|\n|t:|1773169114\n|move|p2a: Alomomola|Wish|p2a: Alomomola\n|move|p1a: Golisopod|Leech Life|p2a: Alomomola\n|-damage|p2a: Alomomola|21/100\n|\n|upkeep\n|turn|16\n|\n|t:|1773169117\n|move|p2a: Alomomola|Protect|p2a: Alomomola\n|-singleturn|p2a: Alomomola|Protect\n|move|p1a: Golisopod|Leech Life|p2a: Alomomola\n|-activate|p2a: Alomomola|move: Protect\n|\n|-heal|p2a: Alomomola|71/100|[from] move: Wish|[wisher] Alomomola\n|upkeep\n|turn|17\n|\n|t:|1773169119\n|move|p2a: Alomomola|Wish|p2a: Alomomola\n|move|p1a: Golisopod|Leech Life|p2a: Alomomola\n|-damage|p2a: Alomomola|42/100\n|\n|upkeep\n|turn|18\n|\n|t:|1773169122\n|move|p2a: Alomomola|Protect|p2a: Alomomola\n|-singleturn|p2a: Alomomola|Protect\n|move|p1a: Golisopod|Leech Life|p2a: Alomomola\n|-activate|p2a: Alomomola|move: Protect\n|\n|-heal|p2a: Alomomola|92/100|[from] move: Wish|[wisher] Alomomola\n|upkeep\n|turn|19\n|\n|t:|1773169129\n|switch|p1a: Urshifu|Urshifu-Rapid-Strike, F|51/100\n|move|p2a: Alomomola|Wish|p2a: Alomomola\n|\n|upkeep\n|turn|20\n|\n|t:|1773169131\n|move|p1a: Urshifu|Thunder Punch|p2a: Alomomola\n|-supereffective|p2a: Alomomola\n|-damage|p2a: Alomomola|57/100\n|move|p2a: Alomomola|Flip Turn|p1a: Urshifu\n|-resisted|p1a: Urshifu\n|-damage|p1a: Urshifu|43/100\n|\n|t:|1773169134\n|switch|p2a: Infernape|Infernape, F|36/100|[from] Flip Turn\n|\n|-heal|p2a: Infernape|100/100|[from] move: Wish|[wisher] Alomomola\n|upkeep\n|turn|21\n|\n|t:|1773169138\n|move|p1a: Urshifu|Thunder Punch|p2a: Infernape\n|-damage|p2a: Infernape|59/100\n|move|p2a: Infernape|Close Combat|p1a: Urshifu\n|-damage|p1a: Urshifu|0 fnt\n|-unboost|p2a: Infernape|def|1\n|-unboost|p2a: Infernape|spd|1\n|faint|p1a: Urshifu\n|-damage|p2a: Infernape|49/100|[from] item: Life Orb\n|\n|upkeep\n|\n|t:|1773169140\n|switch|p1a: Gholdengo|Gholdengo|100/100\n|turn|22\n|\n|t:|1773169142\n|move|p2a: Infernape|Flare Blitz|p1a: Gholdengo\n|-supereffective|p1a: Gholdengo\n|-damage|p1a: Gholdengo|0 fnt\n|faint|p1a: Gholdengo\n|-damage|p2a: Infernape|13/100|[from] Recoil\n|-damage|p2a: Infernape|4/100|[from] item: Life Orb\n|\n|upkeep\n|c|☆Ammario8239|what is infernape made out of\n|\n|t:|1773169149\n|switch|p1a: Golisopod|Golisopod-Mega, F|100/100\n|turn|23\n|\n|t:|1773169156\n|move|p1a: Golisopod|First Impression|p2a: Infernape\n|-resisted|p2a: Infernape\n|-damage|p2a: Infernape|0 fnt\n|faint|p2a: Infernape\n|\n|upkeep\n|\n|t:|1773169166\n|switch|p2a: Slowking|Slowking-Galar, F|75/100\n|turn|24\n|\n|t:|1773169168\n|move|p1a: Golisopod|Leech Life|p2a: Slowking\n|-damage|p2a: Slowking|19/100\n|move|p2a: Slowking|Thunder Wave|p1a: Golisopod\n|-status|p1a: Golisopod|par\n|\n|upkeep\n|turn|25\n|\n|t:|1773169171\n|switch|p2a: Alomomola|Alomomola, F|90/100\n|cant|p1a: Golisopod|par\n|\n|upkeep\n|turn|26\n|\n|t:|1773169173\n|move|p2a: Alomomola|Wish|p2a: Alomomola\n|move|p1a: Golisopod|Leech Life|p2a: Alomomola\n|-damage|p2a: Alomomola|61/100\n|\n|upkeep\n|turn|27\n|\n|t:|1773169176\n|move|p2a: Alomomola|Flip Turn|p1a: Golisopod\n|-damage|p1a: Golisopod|91/100 par\n|\n|t:|1773169178\n|switch|p2a: Great Tusk|Great Tusk|100/100|[from] Flip Turn\n|move|p1a: Golisopod|Leech Life|p2a: Great Tusk\n|-resisted|p2a: Great Tusk\n|-damage|p2a: Great Tusk|81/100\n|-heal|p1a: Golisopod|100/100 par|[from] drain|[of] p2a: Great Tusk\n|\n|-heal|p2a: Great Tusk|100/100|[from] move: Wish|[wisher] Alomomola\n|upkeep\n|turn|28\n|\n|t:|1773169182\n|move|p2a: Great Tusk|Headlong Rush|p1a: Golisopod\n|-damage|p1a: Golisopod|61/100 par\n|-unboost|p2a: Great Tusk|def|1\n|-unboost|p2a: Great Tusk|spd|1\n|move|p1a: Golisopod|Liquidation|p2a: Great Tusk\n|-supereffective|p2a: Great Tusk\n|-damage|p2a: Great Tusk|16/100\n|-unboost|p2a: Great Tusk|def|1\n|\n|upkeep\n|turn|29\n|\n|t:|1773169197\n|move|p2a: Great Tusk|Headlong Rush|p1a: Golisopod\n|-damage|p1a: Golisopod|20/100 par\n|-unboost|p2a: Great Tusk|def|1\n|-unboost|p2a: Great Tusk|spd|1\n|move|p1a: Golisopod|Leech Life|p2a: Great Tusk\n|-resisted|p2a: Great Tusk\n|-damage|p2a: Great Tusk|0 fnt\n|-heal|p1a: Golisopod|28/100 par|[from] drain|[of] p2a: Great Tusk\n|faint|p2a: Great Tusk\n|-end|p2a: Great Tusk|Protosynthesis|[silent]\n|\n|upkeep\n|\n|t:|1773169199\n|switch|p2a: Aerodactyl|Aerodactyl, M|100/100\n|turn|30\n|\n|t:|1773169204\n|detailschange|p2a: Aerodactyl|Aerodactyl-Mega, M\n|-mega|p2a: Aerodactyl|Aerodactyl|Aerodactylite\n|move|p2a: Aerodactyl|Strength|p1a: Golisopod\n|-resisted|p1a: Golisopod\n|-damage|p1a: Golisopod|15/100 par\n|cant|p1a: Golisopod|par\n|\n|upkeep\n|turn|31\n|c|☆prod|what\n|\n|t:|1773169213\n|move|p2a: Aerodactyl|Aerial Ace|p1a: Golisopod\n|-damage|p1a: Golisopod|0 fnt\n|faint|p1a: Golisopod\n|detailschange|p1: Golisopod|Golisopod, F|[silent]\n|\n|win|prod\n|raw|Ammario8239's rating: 1053 &rarr; <strong>1047</strong><br />(-6 for losing)\n|raw|prod's rating: 1216 &rarr; <strong>1225</strong><br />(+9 for winning)\n|c|☆prod|gg\n|c|☆Ammario8239|is strenght meant to be rock type\n|l|☆Ammario8239\n|player|p1|\n"}