{"id":"roriashowdown-gen9natdexrcou-1631","p1":"Saddermanner","p2":"Planetar","format":"[Gen 9] NatDex RC OU","uploadtime":1772910936,"log":"|j|☆Saddermanner\n|j|☆Planetar\n|t:|1772910488\n|gametype|singles\n|player|p1|Saddermanner|170|1220\n|player|p2|Planetar|roxie|1252\n|gen|9\n|tier|[Gen 9] NatDex RC OU\n|rated|\n|rule|HP Percentage Mod: HP is shown in percentages\n|rule|Endless Battle Clause: Forcing endless battles is banned\n|rule|Species Clause: Limit one of each Pokémon\n|rule|OHKO Clause: OHKO moves are banned\n|rule|Evasion Clause: Evasion abilities, items, and moves are banned\n|rule|Evasion Abilities Clause: Evasion abilities are banned\n|rule|Evasion Items Clause: Evasion items are banned\n|rule|Evasion Moves Clause: Evasion moves are banned\n|rule|Sleep Clause Mod: Limit one foe put to sleep\n|rule|Terastal Clause: You cannot Terastallize\n|clearpoke\n|poke|p1|Scrafty, M|\n|poke|p1|Alomomola, F|\n|poke|p1|Ferrothorn, M|\n|poke|p1|Great Tusk|\n|poke|p1|Slowking-Galar, M|\n|poke|p1|Iron Valiant|\n|poke|p2|Glastrier|\n|poke|p2|Glaceon, M|\n|poke|p2|Cofagrigus, M|\n|poke|p2|Camerupt, F|\n|poke|p2|Ferrothorn, F|\n|poke|p2|Kingambit, F|\n|teampreview\n|inactive|Battle timer is ON: inactive players will automatically lose when time's up. (requested by Saddermanner)\n|c|☆Saddermanner|Wrong format yo\n|c|☆Saddermanner|Is this for the tourney?\n|c|☆Planetar|nah lol\n|c|☆Planetar|I just want to try out Glastrier\n|inactive|Planetar has 120 seconds left.\n|\n|t:|1772910527\n|teamsize|p1|6\n|teamsize|p2|6\n|start\n|switch|p1a: Scrafty|Scrafty, M|100/100\n|switch|p2a: ghost|Cofagrigus, M|100/100\n|turn|1\n|c|☆Saddermanner|Good lucky \n|\n|t:|1772910538\n|detailschange|p1a: Scrafty|Scrafty-Mega, M\n|-mega|p1a: Scrafty|Scrafty|Scraftinite\n|move|p1a: Scrafty|Dragon Dance|p1a: Scrafty\n|-boost|p1a: Scrafty|atk|1\n|-boost|p1a: Scrafty|spe|1\n|move|p2a: ghost|Trick Room|p2a: ghost\n|-fieldstart|move: Trick Room|[of] p2a: ghost\n|\n|upkeep\n|turn|2\n|\n|t:|1772910546\n|move|p2a: ghost|Parting Shot|p1a: Scrafty\n|-unboost|p1a: Scrafty|atk|1\n|-unboost|p1a: Scrafty|spa|1\n|\n|t:|1772910550\n|switch|p2a: Glaceon|Glaceon, M|100/100|[from] Parting Shot\n|-weather|Snowscape|[from] ability: Snow Warning|[of] p2a: Glaceon\n|move|p1a: Scrafty|Knock Off|p2a: Glaceon\n|-damage|p2a: Glaceon|74/100\n|-enditem|p2a: Glaceon|Light Clay|[from] move: Knock Off|[of] p1a: Scrafty\n|\n|-weather|Snowscape|[upkeep]\n|upkeep\n|turn|3\n|\n|t:|1772910562\n|move|p2a: Glaceon|Aurora Veil|p2a: Glaceon\n|-sidestart|p2: Planetar|move: Aurora Veil\n|move|p1a: Scrafty|Dragon Dance|p1a: Scrafty\n|-boost|p1a: Scrafty|atk|1\n|-boost|p1a: Scrafty|spe|1\n|\n|-weather|Snowscape|[upkeep]\n|upkeep\n|turn|4\n|\n|t:|1772910573\n|move|p2a: Glaceon|Tag Out|p2a: Glaceon\n|\n|t:|1772910576\n|switch|p2a: Camerupt|Camerupt, F|100/100|[from] Tag Out\n|move|p1a: Scrafty|Drain Punch|p2a: Camerupt\n|-damage|p2a: Camerupt|64/100\n|\n|-weather|Snowscape|[upkeep]\n|upkeep\n|turn|5\n|\n|t:|1772910593\n|switch|p1a: Alomomola|Alomomola, F|100/100\n|detailschange|p2a: Camerupt|Camerupt-Mega, F\n|-mega|p2a: Camerupt|Camerupt|Cameruptite\n|move|p2a: Camerupt|Fire Blast|p1a: Alomomola\n|-resisted|p1a: Alomomola\n|-damage|p1a: Alomomola|61/100\n|\n|-weather|Snowscape|[upkeep]\n|-fieldend|move: Trick Room\n|upkeep\n|turn|6\n|\n|t:|1772910607\n|move|p1a: Alomomola|Flip Turn|p2a: Camerupt\n|-supereffective|p2a: Camerupt\n|-damage|p2a: Camerupt|37/100\n|\n|t:|1772910613\n|switch|p1a: Glow up my king|Slowking-Galar, M, shiny|100/100|[from] Flip Turn\n|move|p2a: Camerupt|Energy Ball|p1a: Glow up my king\n|-resisted|p1a: Glow up my king\n|-damage|p1a: Glow up my king|86/100\n|\n|-weather|none\n|upkeep\n|turn|7\n|\n|t:|1772910622\n|switch|p2a: Ferrothorn|Ferrothorn, F|100/100\n|move|p1a: Glow up my king|Future Sight|p2a: Ferrothorn\n|-start|p1a: Glow up my king|move: Future Sight\n|\n|-sideend|p2: Planetar|move: Aurora Veil\n|upkeep\n|turn|8\n|\n|t:|1772910626\n|-prepare|p1a: Glow up my king|Chilly Reception|[premajor]\n|move|p1a: Glow up my king|Chilly Reception|p1a: Glow up my king\n|-weather|Snowscape\n|\n|t:|1772910630\n|switch|p1a: Scrafty|Scrafty-Mega, M|100/100|[from] Chilly Reception\n|move|p2a: Ferrothorn|Stealth Rock|p1a: Scrafty\n|-sidestart|p1: Saddermanner|move: Stealth Rock\n|\n|-weather|Snowscape|[upkeep]\n|upkeep\n|turn|9\n|\n|t:|1772910637\n|switch|p2a: Glastrier|Glastrier|100/100\n|move|p1a: Scrafty|Dragon Dance|p1a: Scrafty\n|-boost|p1a: Scrafty|atk|1\n|-boost|p1a: Scrafty|spe|1\n|\n|-weather|Snowscape|[upkeep]\n|-end|p2a: Glastrier|move: Future Sight\n|-damage|p2a: Glastrier|66/100\n|upkeep\n|turn|10\n|\n|t:|1772910649\n|move|p1a: Scrafty|Drain Punch|p2a: Glastrier\n|-supereffective|p2a: Glastrier\n|-damage|p2a: Glastrier|14/100\n|move|p2a: Glastrier|Close Combat|p1a: Scrafty\n|-supereffective|p1a: Scrafty\n|-damage|p1a: Scrafty|0 fnt\n|-unboost|p2a: Glastrier|def|1\n|-unboost|p2a: Glastrier|spd|1\n|faint|p1a: Scrafty\n|detailschange|p1: Scrafty|Scrafty, M|[silent]\n|-ability|p2a: Glastrier|Chilling Neigh|boost\n|-boost|p2a: Glastrier|atk|1\n|-damage|p2a: Glastrier|4/100|[from] item: Life Orb\n|\n|-weather|Snowscape|[upkeep]\n|upkeep\n|\n|t:|1772910660\n|switch|p1a: Great Tusk|Great Tusk|100/100\n|turn|11\n|\n|t:|1772910673\n|switch|p2a: Ferrothorn|Ferrothorn, F|100/100\n|move|p1a: Great Tusk|Knock Off|p2a: Ferrothorn\n|-damage|p2a: Ferrothorn|80/100\n|-damage|p1a: Great Tusk|88/100|[from] ability: Iron Barbs|[of] p2a: Ferrothorn\n|-damage|p1a: Great Tusk|71/100|[from] item: Rocky Helmet|[of] p2a: Ferrothorn\n|-enditem|p2a: Ferrothorn|Rocky Helmet|[from] move: Knock Off|[of] p1a: Great Tusk\n|\n|-weather|Snowscape|[upkeep]\n|upkeep\n|turn|12\n|\n|t:|1772910686\n|move|p1a: Great Tusk|Rapid Spin|p2a: Ferrothorn\n|-resisted|p2a: Ferrothorn\n|-damage|p2a: Ferrothorn|75/100\n|-boost|p1a: Great Tusk|spe|1\n|-damage|p1a: Great Tusk|59/100|[from] ability: Iron Barbs|[of] p2a: Ferrothorn\n|-sideend|p1: Saddermanner|Stealth Rock|[from] move: Rapid Spin|[of] p1a: Great Tusk\n|move|p2a: Ferrothorn|Leech Seed|p1a: Great Tusk\n|-start|p1a: Great Tusk|move: Leech Seed\n|\n|-weather|none\n|-damage|p1a: Great Tusk|47/100|[from] Leech Seed|[of] p2a: Ferrothorn\n|-heal|p2a: Ferrothorn|91/100|[silent]\n|upkeep\n|turn|13\n|\n|t:|1772910697\n|-end|p1a: Great Tusk|Protosynthesis|[silent]\n|switch|p1a: Iron Valiant|Iron Valiant|100/100\n|-enditem|p1a: Iron Valiant|Booster Energy\n|-activate|p1a: Iron Valiant|ability: Quark Drive|[fromitem]\n|-start|p1a: Iron Valiant|quarkdrivespe\n|move|p2a: Ferrothorn|Power Whip|p1a: Iron Valiant\n|-damage|p1a: Iron Valiant|50/100\n|\n|upkeep\n|turn|14\n|\n|t:|1772910711\n|move|p1a: Iron Valiant|Calm Mind|p1a: Iron Valiant\n|-boost|p1a: Iron Valiant|spa|1\n|-boost|p1a: Iron Valiant|spd|1\n|move|p2a: Ferrothorn|Power Whip|p1a: Iron Valiant\n|-damage|p1a: Iron Valiant|0 fnt\n|faint|p1a: Iron Valiant\n|-end|p1a: Iron Valiant|Quark Drive|[silent]\n|\n|upkeep\n|\n|t:|1772910725\n|switch|p1a: Glow up my king|Slowking-Galar, M, shiny|100/100\n|turn|15\n|\n|t:|1772910733\n|move|p1a: Glow up my king|Thunder Wave|p2a: Ferrothorn\n|-status|p2a: Ferrothorn|par\n|move|p2a: Ferrothorn|Stealth Rock|p1a: Glow up my king\n|-sidestart|p1: Saddermanner|move: Stealth Rock\n|\n|upkeep\n|turn|16\n|\n|t:|1772910741\n|move|p1a: Glow up my king|Future Sight|p2a: Ferrothorn\n|-start|p1a: Glow up my king|move: Future Sight\n|move|p2a: Ferrothorn|Knock Off|p1a: Glow up my king\n|-supereffective|p1a: Glow up my king\n|-damage|p1a: Glow up my king|51/100\n|-enditem|p1a: Glow up my king|Heavy-Duty Boots|[from] move: Knock Off|[of] p2a: Ferrothorn\n|\n|upkeep\n|turn|17\n|\n|t:|1772910749\n|-prepare|p1a: Glow up my king|Chilly Reception|[premajor]\n|move|p1a: Glow up my king|Chilly Reception|p1a: Glow up my king\n|-weather|Snowscape\n|\n|t:|1772910755\n|switch|p1a: Ferrothorn|Ferrothorn, M|100/100|[from] Chilly Reception\n|-damage|p1a: Ferrothorn|94/100|[from] Stealth Rock\n|move|p2a: Ferrothorn|Leech Seed|p1a: Ferrothorn\n|-immune|p1a: Ferrothorn\n|\n|-weather|Snowscape|[upkeep]\n|-heal|p1a: Ferrothorn|100/100|[from] item: Leftovers\n|upkeep\n|turn|18\n|\n|t:|1772910762\n|move|p1a: Ferrothorn|Stealth Rock|p2a: Ferrothorn\n|-sidestart|p2: Planetar|move: Stealth Rock\n|cant|p2a: Ferrothorn|par\n|\n|-weather|Snowscape|[upkeep]\n|-end|p2a: Ferrothorn|move: Future Sight\n|-resisted|p2a: Ferrothorn\n|-damage|p2a: Ferrothorn|75/100 par\n|upkeep\n|turn|19\n|\n|t:|1772910775\n|switch|p2a: ghost|Cofagrigus, M|100/100\n|-damage|p2a: ghost|88/100|[from] Stealth Rock\n|move|p1a: Ferrothorn|Gyro Ball|p2a: ghost\n|-damage|p2a: ghost|81/100\n|-activate|p2a: ghost|ability: Mummy|p1a: Ferrothorn|[ability] Iron Barbs\n|\n|-weather|Snowscape|[upkeep]\n|-heal|p2a: ghost|87/100|[from] item: Leftovers\n|upkeep\n|turn|20\n|\n|t:|1772910789\n|move|p1a: Ferrothorn|Knock Off|p2a: ghost\n|-supereffective|p2a: ghost\n|-damage|p2a: ghost|61/100\n|-enditem|p2a: ghost|Leftovers|[from] move: Knock Off|[of] p1a: Ferrothorn\n|move|p2a: ghost|Trick Room|p2a: ghost\n|-fieldstart|move: Trick Room|[of] p2a: ghost\n|\n|-weather|Snowscape|[upkeep]\n|upkeep\n|turn|21\n|\n|t:|1772910797\n|move|p1a: Ferrothorn|Power Whip|p2a: ghost\n|-damage|p2a: ghost|37/100\n|move|p2a: ghost|Parting Shot|p1a: Ferrothorn\n|-unboost|p1a: Ferrothorn|atk|1\n|-unboost|p1a: Ferrothorn|spa|1\n|\n|t:|1772910811\n|switch|p2a: Camerupt|Camerupt-Mega, F|37/100|[from] Parting Shot\n|-damage|p2a: Camerupt|25/100|[from] Stealth Rock\n|\n|-weather|none\n|upkeep\n|turn|22\n|\n|t:|1772910825\n|switch|p1a: Alomomola|Alomomola, F|94/100\n|move|p2a: Camerupt|Fire Blast|p1a: Alomomola|[miss]\n|-miss|p2a: Camerupt|p1a: Alomomola\n|\n|upkeep\n|turn|23\n|\n|t:|1772910831\n|move|p2a: Camerupt|Energy Ball|p1a: Alomomola\n|-supereffective|p1a: Alomomola\n|-damage|p1a: Alomomola|6/100\n|move|p1a: Alomomola|Toxic|p2a: Camerupt\n|-status|p2a: Camerupt|tox\n|\n|-damage|p2a: Camerupt|18/100 tox|[from] psn\n|upkeep\n|turn|24\n|\n|t:|1772910841\n|switch|p1a: Ferrothorn|Ferrothorn, M|100/100\n|-damage|p1a: Ferrothorn|94/100|[from] Stealth Rock\n|move|p2a: Camerupt|Earth Power|p1a: Ferrothorn\n|-damage|p1a: Ferrothorn|40/100\n|\n|-heal|p1a: Ferrothorn|47/100|[from] item: Leftovers\n|-damage|p2a: Camerupt|6/100 tox|[from] psn\n|-fieldend|move: Trick Room\n|upkeep\n|turn|25\n|\n|t:|1772910854\n|move|p1a: Ferrothorn|Knock Off|p2a: Camerupt\n|-damage|p2a: Camerupt|0 fnt\n|faint|p2a: Camerupt\n|detailschange|p2: Camerupt|Camerupt, F|[silent]\n|\n|-heal|p1a: Ferrothorn|53/100|[from] item: Leftovers\n|upkeep\n|\n|t:|1772910860\n|switch|p2a: Glaceon|Glaceon, M|74/100\n|-damage|p2a: Glaceon|49/100|[from] Stealth Rock\n|-weather|Snowscape|[from] ability: Snow Warning|[of] p2a: Glaceon\n|turn|26\n|\n|t:|1772910863\n|move|p2a: Glaceon|Aurora Veil|p2a: Glaceon\n|-sidestart|p2: Planetar|move: Aurora Veil\n|move|p1a: Ferrothorn|Gyro Ball|p2a: Glaceon\n|-supereffective|p2a: Glaceon\n|-crit|p2a: Glaceon\n|-damage|p2a: Glaceon|3/100\n|\n|-weather|Snowscape|[upkeep]\n|-heal|p1a: Ferrothorn|59/100|[from] item: Leftovers\n|upkeep\n|turn|27\n|\n|t:|1772910869\n|move|p2a: Glaceon|Freeze-Dry|p1a: Ferrothorn\n|-damage|p1a: Ferrothorn|32/100\n|-status|p1a: Ferrothorn|frz\n|move|p1a: Ferrothorn|Knock Off|p2a: Glaceon\n|-damage|p2a: Glaceon|0 fnt\n|faint|p2a: Glaceon\n|\n|-weather|Snowscape|[upkeep]\n|-heal|p1a: Ferrothorn|39/100 frz|[from] item: Leftovers\n|-damage|p1a: Ferrothorn|32/100 frz|[from] frz\n|upkeep\n|\n|t:|1772910878\n|switch|p2a: Kingambit|Kingambit, F|100/100\n|-damage|p2a: Kingambit|94/100|[from] Stealth Rock\n|-activate|p2a: Kingambit|ability: Supreme Overlord\n|-start|p2a: Kingambit|fallen2|[silent]\n|turn|28\n|\n|t:|1772910890\n|switch|p1a: Alomomola|Alomomola, F|39/100\n|move|p2a: Kingambit|Swords Dance|p2a: Kingambit\n|-boost|p2a: Kingambit|atk|2\n|\n|-weather|Snowscape|[upkeep]\n|upkeep\n|turn|29\n|\n|t:|1772910895\n|move|p2a: Kingambit|Kowtow Cleave|p1a: Alomomola\n|-damage|p1a: Alomomola|0 fnt\n|faint|p1a: Alomomola\n|\n|-weather|Snowscape|[upkeep]\n|upkeep\n|\n|t:|1772910902\n|switch|p1a: Great Tusk|Great Tusk|47/100\n|turn|30\n|\n|t:|1772910905\n|move|p1a: Great Tusk|Headlong Rush|p2a: Kingambit\n|-supereffective|p2a: Kingambit\n|-damage|p2a: Kingambit|50/100\n|-unboost|p1a: Great Tusk|def|1\n|-unboost|p1a: Great Tusk|spd|1\n|move|p2a: Kingambit|Iron Head|p1a: Great Tusk\n|-damage|p1a: Great Tusk|0 fnt\n|faint|p1a: Great Tusk\n|-end|p1a: Great Tusk|Protosynthesis|[silent]\n|\n|-weather|none\n|-sideend|p2: Planetar|move: Aurora Veil\n|upkeep\n|\n|t:|1772910914\n|switch|p1a: Ferrothorn|Ferrothorn, M|32/100 frz\n|-damage|p1a: Ferrothorn|26/100 frz|[from] Stealth Rock\n|turn|31\n|\n|t:|1772910919\n|move|p2a: Kingambit|Kowtow Cleave|p1a: Ferrothorn\n|-damage|p1a: Ferrothorn|0 fnt\n|-damage|p2a: Kingambit|37/100|[from] ability: Iron Barbs|[of] p1a: Ferrothorn\n|faint|p1a: Ferrothorn\n|\n|upkeep\n|\n|t:|1772910922\n|switch|p1a: Glow up my king|Slowking-Galar, M, shiny|84/100\n|-damage|p1a: Glow up my king|72/100|[from] Stealth Rock\n|turn|32\n|\n|t:|1772910926\n|move|p2a: Kingambit|Kowtow Cleave|p1a: Glow up my king\n|-supereffective|p1a: Glow up my king\n|-damage|p1a: Glow up my king|0 fnt\n|faint|p1a: Glow up my king\n|\n|win|Planetar\n|raw|Saddermanner's rating: 1220 &rarr; <strong>1206</strong><br />(-14 for losing)\n|raw|Planetar's rating: 1252 &rarr; <strong>1266</strong><br />(+14 for winning)\n|c|☆Planetar|ggs\n"}