{"id":"roriashowdown-gen9natdexrcou-1730","p1":"razberchan","p2":"Planetar","format":"[Gen 9] NatDex RC OU","uploadtime":1772917690,"log":"|j|☆razberchan\n|j|☆Planetar\n|t:|1772917467\n|gametype|singles\n|player|p1|razberchan|skierf|1121\n|player|p2|Planetar|roxie|1266\n|gen|9\n|tier|[Gen 9] NatDex RC OU\n|rated|\n|rule|HP Percentage Mod: HP is shown in percentages\n|rule|Endless Battle Clause: Forcing endless battles is banned\n|rule|Species Clause: Limit one of each Pokémon\n|rule|OHKO Clause: OHKO moves are banned\n|rule|Evasion Clause: Evasion abilities, items, and moves are banned\n|rule|Evasion Abilities Clause: Evasion abilities are banned\n|rule|Evasion Items Clause: Evasion items are banned\n|rule|Evasion Moves Clause: Evasion moves are banned\n|rule|Sleep Clause Mod: Limit one foe put to sleep\n|rule|Terastal Clause: You cannot Terastallize\n|clearpoke\n|poke|p1|Pelipper, M|\n|poke|p1|Greninja-*, M|\n|poke|p1|Seismitoad, F|\n|poke|p1|Swampert, M|\n|poke|p1|Zapdos|\n|poke|p1|Archaludon, F|\n|poke|p2|Tapu Lele|\n|poke|p2|Scrafty, M|\n|poke|p2|Stunfisk-Galar, F|\n|poke|p2|Mr. Rime, M|\n|poke|p2|Alomomola, F|\n|poke|p2|Infernape, M|\n|teampreview\n|c|☆razberchan|dude if i lose this\n|c|☆Planetar|lmao\n|c|☆razberchan|bensons getting me fired\n|\n|t:|1772917492\n|teamsize|p1|6\n|teamsize|p2|6\n|start\n|switch|p1a: Pelipper|Pelipper, M|100/100\n|switch|p2a: Rime Time|Mr. Rime, M|100/100\n|-weather|RainDance|[from] ability: Drizzle|[of] p1a: Pelipper\n|turn|1\n|\n|t:|1772917497\n|move|p2a: Rime Time|Freeze-Dry|p1a: Pelipper\n|-supereffective|p1a: Pelipper\n|-damage|p1a: Pelipper|0 fnt\n|faint|p1a: Pelipper\n|\n|-weather|RainDance|[upkeep]\n|upkeep\n|\n|t:|1772917505\n|switch|p1a: Greninja|Greninja, M|100/100\n|turn|2\n|\n|t:|1772917512\n|switch|p2a: Dripped|Scrafty, M|100/100\n|-ability|p2a: Dripped|Intimidate|boost\n|-unboost|p1a: Greninja|atk|1\n|move|p1a: Greninja|Surf|p2a: Dripped\n|-damage|p2a: Dripped|23/100\n|\n|-weather|RainDance|[upkeep]\n|upkeep\n|turn|3\n|\n|t:|1772917517\n|detailschange|p2a: Dripped|Scrafty-Mega, M\n|-mega|p2a: Dripped|Scrafty|Scraftinite\n|move|p2a: Dripped|Fake Out|p1a: Greninja\n|-damage|p1a: Greninja|74/100\n|cant|p1a: Greninja|flinch\n|\n|-weather|RainDance|[upkeep]\n|upkeep\n|turn|4\n|\n|t:|1772917524\n|switch|p2a: fis|Alomomola, F|100/100\n|move|p1a: Greninja|Surf|p2a: fis\n|-resisted|p2a: fis\n|-damage|p2a: fis|76/100\n|\n|-weather|RainDance|[upkeep]\n|upkeep\n|turn|5\n|\n|t:|1772917528\n|switch|p1a: Zapdos|Zapdos|100/100\n|move|p2a: fis|Play Rough|p1a: Zapdos\n|-damage|p1a: Zapdos|80/100\n|-unboost|p1a: Zapdos|atk|1\n|-status|p2a: fis|par|[from] ability: Static|[of] p1a: Zapdos\n|\n|-weather|RainDance|[upkeep]\n|upkeep\n|turn|6\n|\n|t:|1772917543\n|switch|p1a: Greninja|Greninja, M|74/100\n|switch|p2a: Stunlocked|Stunfisk-Galar, F|100/100\n|\n|-weather|RainDance|[upkeep]\n|upkeep\n|turn|7\n|\n|t:|1772917549\n|switch|p2a: fis|Alomomola, F|100/100 par\n|move|p1a: Greninja|Dark Pulse|p2a: fis\n|-damage|p2a: fis|71/100 par\n|\n|-weather|RainDance|[upkeep]\n|upkeep\n|turn|8\n|\n|t:|1772917553\n|move|p1a: Greninja|Dark Pulse|p2a: fis\n|-damage|p2a: fis|44/100 par\n|cant|p2a: fis|par\n|\n|-weather|none\n|upkeep\n|turn|9\n|\n|t:|1772917557\n|move|p1a: Greninja|Dark Pulse|p2a: fis\n|-damage|p2a: fis|14/100 par\n|cant|p2a: fis|flinch\n|\n|upkeep\n|turn|10\n|\n|t:|1772917562\n|move|p1a: Greninja|Dark Pulse|p2a: fis\n|-damage|p2a: fis|0 fnt\n|faint|p2a: fis\n|-activate|p1a: Greninja|ability: Battle Bond\n|detailschange|p1a: Greninja|Greninja-Ash, M\n|\n|upkeep\n|\n|t:|1772917565\n|switch|p2a: MARCH!!!|Tapu Lele, shiny|100/100\n|-fieldstart|move: Psychic Terrain|[from] ability: Psychic Surge|[of] p2a: MARCH!!!\n|turn|11\n|\n|t:|1772917569\n|switch|p1a: Archaludon|Archaludon, F|100/100\n|move|p2a: MARCH!!!|Moonblast|p1a: Archaludon\n|-damage|p1a: Archaludon|52/100\n|-ability|p1a: Archaludon|Stamina|boost\n|-boost|p1a: Archaludon|def|1\n|\n|upkeep\n|turn|12\n|\n|t:|1772917579\n|move|p2a: MARCH!!!|Moonblast|p1a: Archaludon\n|-damage|p1a: Archaludon|0 fnt\n|faint|p1a: Archaludon\n|\n|upkeep\n|\n|t:|1772917597\n|switch|p1a: Zapdos|Zapdos|80/100\n|turn|13\n|\n|t:|1772917600\n|move|p2a: MARCH!!!|Moonblast|p1a: Zapdos\n|-damage|p1a: Zapdos|20/100\n|-unboost|p1a: Zapdos|spa|1\n|move|p1a: Zapdos|Volt Switch|p2a: MARCH!!!\n|-damage|p2a: MARCH!!!|75/100\n|\n|t:|1772917604\n|switch|p1a: Swampert|Swampert, M|100/100|[from] Volt Switch\n|\n|upkeep\n|turn|14\n|\n|t:|1772917611\n|switch|p2a: Dripped|Scrafty-Mega, M|23/100\n|detailschange|p1a: Swampert|Swampert-Mega, M\n|-mega|p1a: Swampert|Swampert|Swampertite\n|move|p1a: Swampert|Liquidation|p2a: Dripped\n|-damage|p2a: Dripped|0 fnt\n|faint|p2a: Dripped\n|detailschange|p2: Dripped|Scrafty, M|[silent]\n|\n|upkeep\n|\n|t:|1772917618\n|switch|p2a: MARCH!!!|Tapu Lele, shiny|75/100\n|turn|15\n|\n|t:|1772917624\n|move|p2a: MARCH!!!|Energy Ball|p1a: Swampert\n|-supereffective|p1a: Swampert\n|-damage|p1a: Swampert|0 fnt\n|faint|p1a: Swampert\n|detailschange|p1: Swampert|Swampert, M|[silent]\n|\n|-fieldend|move: Psychic Terrain\n|upkeep\n|\n|t:|1772917628\n|switch|p1a: Zapdos|Zapdos|20/100\n|turn|16\n|\n|t:|1772917631\n|switch|p2a: Stunlocked|Stunfisk-Galar, F|100/100\n|move|p1a: Zapdos|Roost|p1a: Zapdos\n|-heal|p1a: Zapdos|71/100\n|-singleturn|p1a: Zapdos|move: Roost\n|\n|upkeep\n|turn|17\n|\n|t:|1772917640\n|switch|p1a: Greninja|Greninja-Ash, M|74/100\n|move|p2a: Stunlocked|Flip Turn|p1a: Greninja\n|-resisted|p1a: Greninja\n|-damage|p1a: Greninja|63/100\n|\n|t:|1772917644\n|switch|p2a: MARCH!!!|Tapu Lele, shiny|75/100|[from] Flip Turn\n|-fieldstart|move: Psychic Terrain|[from] ability: Psychic Surge|[of] p2a: MARCH!!!\n|\n|upkeep\n|turn|18\n|\n|t:|1772917647\n|switch|p1a: Seismitoad|Seismitoad, F|100/100\n|move|p2a: MARCH!!!|Moonblast|p1a: Seismitoad\n|-damage|p1a: Seismitoad|60/100\n|\n|-status|p1a: Seismitoad|tox|[from] item: Toxic Orb\n|upkeep\n|turn|19\n|\n|t:|1772917653\n|switch|p2a: Rime Time|Mr. Rime, M|100/100\n|move|p1a: Seismitoad|Protect||[still]\n|-fail|p1a: Seismitoad\n|\n|-heal|p1a: Seismitoad|72/100 tox|[from] ability: Poison Heal\n|upkeep\n|turn|20\n|\n|t:|1772917662\n|switch|p1a: Zapdos|Zapdos|71/100\n|move|p2a: Rime Time|Freeze-Dry|p1a: Zapdos\n|-supereffective|p1a: Zapdos\n|-damage|p1a: Zapdos|0 fnt\n|faint|p1a: Zapdos\n|\n|upkeep\n|\n|t:|1772917663\n|switch|p1a: Greninja|Greninja-Ash, M|63/100\n|turn|21\n|\n|t:|1772917670\n|move|p1a: Greninja|Dark Pulse|p2a: Rime Time\n|-supereffective|p2a: Rime Time\n|-crit|p2a: Rime Time\n|-damage|p2a: Rime Time|0 fnt\n|faint|p2a: Rime Time\n|\n|-fieldend|move: Psychic Terrain\n|upkeep\n|\n|t:|1772917673\n|switch|p2a: MARCH!!!|Tapu Lele, shiny|75/100\n|-fieldstart|move: Psychic Terrain|[from] ability: Psychic Surge|[of] p2a: MARCH!!!\n|turn|22\n|\n|t:|1772917676\n|switch|p1a: Seismitoad|Seismitoad, F|72/100 tox\n|move|p2a: MARCH!!!|Energy Ball|p1a: Seismitoad\n|-supereffective|p1a: Seismitoad\n|-damage|p1a: Seismitoad|0 fnt\n|faint|p1a: Seismitoad\n|\n|upkeep\n|\n|t:|1772917679\n|switch|p1a: Greninja|Greninja-Ash, M|63/100\n|turn|23\n|\n|t:|1772917682\n|move|p1a: Greninja|Water Shuriken|p2a: MARCH!!!\n|-activate|p2a: MARCH!!!|move: Psychic Terrain\n|move|p2a: MARCH!!!|Energy Ball|p1a: Greninja\n|-supereffective|p1a: Greninja\n|-damage|p1a: Greninja|0 fnt\n|faint|p1a: Greninja\n|detailschange|p1: Greninja|Greninja, M|[silent]\n|\n|win|Planetar\n|raw|razberchan's rating: 1121 &rarr; <strong>1110</strong><br />(-11 for losing)\n|raw|Planetar's rating: 1266 &rarr; <strong>1276</strong><br />(+10 for winning)\n|c|☆razberchan|ggwp\n|c|☆Planetar|ggs\n"}