{"id":"roriashowdown-gen9natdexrcou-1925","p1":"","p2":"cloxd4u_","format":"[Gen 9] NatDex RC OU","uploadtime":1773086183,"log":"|j|☆razberchan\n|j|☆cloxd4u_\n|t:|1773085866\n|gametype|singles\n|player|p1|razberchan|razberchan.png|1216\n|player|p2|cloxd4u_|nate|1000\n|gen|9\n|tier|[Gen 9] NatDex RC OU\n|rated|\n|rule|HP Percentage Mod: HP is shown in percentages\n|rule|Endless Battle Clause: Forcing endless battles is banned\n|rule|Species Clause: Limit one of each Pokémon\n|rule|OHKO Clause: OHKO moves are banned\n|rule|Evasion Clause: Evasion abilities, items, and moves are banned\n|rule|Evasion Abilities Clause: Evasion abilities are banned\n|rule|Evasion Items Clause: Evasion items are banned\n|rule|Evasion Moves Clause: Evasion moves are banned\n|rule|Sleep Clause Mod: Limit one foe put to sleep\n|rule|Terastal Clause: You cannot Terastallize\n|clearpoke\n|poke|p1|Glastrier|\n|poke|p1|Ninetales-Alola, M|\n|poke|p1|Gholdengo|\n|poke|p1|Rillaboom, M|\n|poke|p1|Blaziken, F|\n|poke|p1|Gyarados, F|\n|poke|p2|Hatterene, F|\n|poke|p2|Cresselia, F|\n|poke|p2|Porygon2|\n|poke|p2|Ursaluna, M|\n|poke|p2|Mawile, F|\n|poke|p2|Marowak-Alola, M|\n|teampreview\n|\n|t:|1773085886\n|teamsize|p1|6\n|teamsize|p2|6\n|start\n|switch|p1a: Ninetales|Ninetales-Alola, M|100/100\n|switch|p2a: Hatterene|Hatterene, F|100/100\n|-weather|Snowscape|[from] ability: Snow Warning|[of] p1a: Ninetales\n|turn|1\n|\n|t:|1773085893\n|move|p1a: Ninetales|Aurora Veil|p1a: Ninetales\n|-sidestart|p1: razberchan|move: Aurora Veil\n|move|p2a: Hatterene|Trick Room|p2a: Hatterene\n|-fieldstart|move: Trick Room|[of] p2a: Hatterene\n|\n|-weather|Snowscape|[upkeep]\n|upkeep\n|turn|2\n|\n|t:|1773085926\n|switch|p1a: Glastrier|Glastrier|100/100\n|move|p2a: Hatterene|Psychic Noise|p1a: Glastrier\n|-damage|p1a: Glastrier|84/100\n|-start|p1a: Glastrier|move: Heal Block\n|\n|-weather|Snowscape|[upkeep]\n|upkeep\n|turn|3\n|\n|t:|1773085936\n|-zpower|p2a: Hatterene\n|move|p2a: Hatterene|Twinkle Tackle|p1a: Glastrier|[zeffect]\n|-damage|p1a: Glastrier|44/100\n|move|p1a: Glastrier|Swords Dance|p1a: Glastrier\n|-boost|p1a: Glastrier|atk|2\n|\n|-weather|Snowscape|[upkeep]\n|-end|p1a: Glastrier|move: Heal Block\n|upkeep\n|turn|4\n|\n|t:|1773085947\n|move|p2a: Hatterene|Misty Explosion|p1a: Glastrier\n|-damage|p1a: Glastrier|22/100\n|faint|p2a: Hatterene\n|move|p1a: Glastrier|Ice Spinner|p2: Hatterene|[notarget]\n|-fail|p1a: Glastrier\n|\n|-weather|Snowscape|[upkeep]\n|upkeep\n|\n|t:|1773085956\n|switch|p2a: Ursaluna|Ursaluna, M|100/100\n|turn|5\n|\n|t:|1773085961\n|move|p1a: Glastrier|Ice Shard|p2a: Ursaluna\n|-supereffective|p2a: Ursaluna\n|-damage|p2a: Ursaluna|23/100\n|move|p2a: Ursaluna|Fire Punch|p1a: Glastrier\n|-supereffective|p1a: Glastrier\n|-damage|p1a: Glastrier|9/100\n|\n|-weather|none\n|-fieldend|move: Trick Room\n|-status|p2a: Ursaluna|brn|[from] item: Flame Orb\n|upkeep\n|turn|6\n|\n|t:|1773085985\n|switch|p2a: Cresselia|Cresselia, F|100/100\n|move|p1a: Glastrier|Ice Shard|p2a: Cresselia\n|-damage|p2a: Cresselia|73/100\n|\n|upkeep\n|turn|7\n|\n|t:|1773085993\n|move|p1a: Glastrier|Swords Dance|p1a: Glastrier\n|-boost|p1a: Glastrier|atk|2\n|move|p2a: Cresselia|Trick Room|p2a: Cresselia\n|-fieldstart|move: Trick Room|[of] p2a: Cresselia\n|\n|upkeep\n|turn|8\n|\n|t:|1773085999\n|move|p1a: Glastrier|Ice Spinner|p2a: Cresselia\n|-damage|p2a: Cresselia|0 fnt\n|-damage|p1a: Glastrier|0 fnt|[from] item: Rocky Helmet|[of] p2a: Cresselia\n|faint|p2a: Cresselia\n|faint|p1a: Glastrier\n|\n|-sideend|p1: razberchan|move: Aurora Veil\n|upkeep\n|\n|t:|1773086045\n|switch|p1a: Rillaboom|Rillaboom, M|100/100\n|switch|p2a: Mawile|Mawile, F|100/100\n|-ability|p2a: Mawile|Intimidate|boost\n|-unboost|p1a: Rillaboom|atk|1\n|-fieldstart|move: Grassy Terrain|[from] ability: Grassy Surge|[of] p1a: Rillaboom\n|-enditem|p1a: Rillaboom|Grassy Seed\n|-boost|p1a: Rillaboom|def|1|[from] item: Grassy Seed\n|turn|9\n|j| The Sword of Ruin\n|l| The Sword of Ruin\n|\n|t:|1773086068\n|detailschange|p2a: Mawile|Mawile-Mega, F\n|-mega|p2a: Mawile|Mawile|Mawilite\n|move|p2a: Mawile|Swords Dance|p2a: Mawile\n|-boost|p2a: Mawile|atk|2\n|move|p1a: Rillaboom|Swords Dance|p1a: Rillaboom\n|-boost|p1a: Rillaboom|atk|2\n|\n|upkeep\n|turn|10\n|\n|t:|1773086081\n|move|p2a: Mawile|Play Rough|p1a: Rillaboom\n|-damage|p1a: Rillaboom|0 fnt\n|faint|p1a: Rillaboom\n|\n|upkeep\n|\n|t:|1773086086\n|switch|p1a: Blaziken|Blaziken, F|100/100\n|turn|11\n|\n|t:|1773086119\n|move|p2a: Mawile|Play Rough|p1a: Blaziken\n|-damage|p1a: Blaziken|0 fnt\n|faint|p1a: Blaziken\n|\n|-fieldend|move: Trick Room\n|upkeep\n|\n|t:|1773086130\n|switch|p1a: Gholdengo|Gholdengo|100/100\n|-item|p1a: Gholdengo|Air Balloon\n|turn|12\n|\n|t:|1773086142\n|move|p2a: Mawile|Sucker Punch||[still]\n|-fail|p2a: Mawile\n|move|p1a: Gholdengo|Nasty Plot|p1a: Gholdengo\n|-boost|p1a: Gholdengo|spa|2\n|\n|upkeep\n|turn|13\n|\n|t:|1773086152\n|move|p2a: Mawile|Sucker Punch|p1a: Gholdengo\n|-supereffective|p1a: Gholdengo\n|-damage|p1a: Gholdengo|0 fnt\n|-enditem|p1a: Gholdengo|Air Balloon\n|faint|p1a: Gholdengo\n|\n|-fieldend|move: Grassy Terrain\n|upkeep\n|-message|razberchan forfeited.\n|\n|win|cloxd4u_\n|raw|razberchan's rating: 1216 &rarr; <strong>1191</strong><br />(-25 for losing)\n|raw|cloxd4u_'s rating: 1000 &rarr; <strong>1070</strong><br />(+70 for winning)\n|l|☆razberchan\n|player|p1|\n"}