{"id":"roriashowdown-gen9natdexrcou-2084","p1":"","p2":"cloxd4u_","format":"[Gen 9] NatDex RC OU","uploadtime":1773096024,"log":"|j|☆Russianum\n|j|☆cloxd4u_\n|t:|1773095513\n|gametype|singles\n|player|p1|Russianum|1|1124\n|player|p2|cloxd4u_|nate|1103\n|gen|9\n|tier|[Gen 9] NatDex RC OU\n|rated|\n|rule|HP Percentage Mod: HP is shown in percentages\n|rule|Endless Battle Clause: Forcing endless battles is banned\n|rule|Species Clause: Limit one of each Pokémon\n|rule|OHKO Clause: OHKO moves are banned\n|rule|Evasion Clause: Evasion abilities, items, and moves are banned\n|rule|Evasion Abilities Clause: Evasion abilities are banned\n|rule|Evasion Items Clause: Evasion items are banned\n|rule|Evasion Moves Clause: Evasion moves are banned\n|rule|Sleep Clause Mod: Limit one foe put to sleep\n|rule|Terastal Clause: You cannot Terastallize\n|clearpoke\n|poke|p1|Alomomola, F|\n|poke|p1|Talonflame, M|\n|poke|p1|Ting-Lu|\n|poke|p1|Gholdengo|\n|poke|p1|Great Tusk|\n|poke|p1|Rillaboom, M|\n|poke|p2|Hatterene, F|\n|poke|p2|Cresselia, F|\n|poke|p2|Porygon2|\n|poke|p2|Ursaluna, M|\n|poke|p2|Mawile, F|\n|poke|p2|Marowak-Alola, M|\n|teampreview\n|\n|t:|1773095530\n|teamsize|p1|6\n|teamsize|p2|6\n|start\n|switch|p1a: Talonflame|Talonflame, M|100/100\n|switch|p2a: Hatterene|Hatterene, F|100/100\n|turn|1\n|\n|t:|1773095546\n|move|p1a: Talonflame|Swords Dance|p1a: Talonflame\n|-boost|p1a: Talonflame|atk|2\n|move|p2a: Hatterene|Trick Room|p2a: Hatterene\n|-fieldstart|move: Trick Room|[of] p2a: Hatterene\n|\n|upkeep\n|turn|2\n|\n|t:|1773095556\n|-zpower|p2a: Hatterene\n|move|p2a: Hatterene|Twinkle Tackle|p1a: Talonflame|[zeffect]\n|-resisted|p1a: Talonflame\n|-damage|p1a: Talonflame|26/100\n|move|p1a: Talonflame|Swords Dance|p1a: Talonflame\n|-boost|p1a: Talonflame|atk|2\n|\n|upkeep\n|turn|3\n|\n|t:|1773095566\n|move|p2a: Hatterene|Psychic Noise|p1a: Talonflame\n|-damage|p1a: Talonflame|0 fnt\n|faint|p1a: Talonflame\n|\n|upkeep\n|\n|t:|1773095574\n|switch|p1a: Gholdengo|Gholdengo|100/100\n|turn|4\n|\n|t:|1773095606\n|switch|p2a: Ursaluna|Ursaluna, M|100/100\n|move|p1a: Gholdengo|Make It Rain|p2a: Ursaluna\n|-damage|p2a: Ursaluna|43/100\n|-unboost|p1a: Gholdengo|spa|1\n|\n|-status|p2a: Ursaluna|brn|[from] item: Flame Orb\n|upkeep\n|turn|5\n|\n|t:|1773095625\n|switch|p1a: Rillaboom|Rillaboom, M|100/100\n|-fieldstart|move: Grassy Terrain|[from] ability: Grassy Surge|[of] p1a: Rillaboom\n|move|p2a: Ursaluna|Facade|p1a: Rillaboom\n|-damage|p1a: Rillaboom|0 fnt\n|faint|p1a: Rillaboom\n|\n|-heal|p2a: Ursaluna|49/100 brn|[from] Grassy Terrain\n|-damage|p2a: Ursaluna|43/100 brn|[from] brn\n|-fieldend|move: Trick Room\n|upkeep\n|\n|t:|1773095631\n|switch|p1a: Gholdengo|Gholdengo|100/100\n|turn|6\n|\n|t:|1773095642\n|switch|p2a: Porygon2|Porygon2|100/100\n|-ability|p2a: Porygon2|Good as Gold|Trace|[from] ability: Trace|[of] p1a: Gholdengo\n|move|p1a: Gholdengo|Make It Rain|p2a: Porygon2\n|-damage|p2a: Porygon2|70/100\n|-unboost|p1a: Gholdengo|spa|1\n|\n|-heal|p2a: Porygon2|76/100|[from] Grassy Terrain\n|upkeep\n|turn|7\n|\n|t:|1773095655\n|switch|p1a: Alomomola|Alomomola, F|100/100\n|move|p2a: Porygon2|Trick Room|p2a: Porygon2\n|-fieldstart|move: Trick Room|[of] p2a: Porygon2\n|\n|-heal|p2a: Porygon2|82/100|[from] Grassy Terrain\n|upkeep\n|turn|8\n|\n|t:|1773095663\n|move|p1a: Alomomola|Toxic|p2a: Porygon2\n|-immune|p2a: Porygon2|[from] ability: Good as Gold\n|move|p2a: Porygon2|Teleport|p2a: Porygon2\n|\n|t:|1773095678\n|switch|p2a: Mawile|Mawile, F|100/100|[from] Teleport\n|-ability|p2a: Mawile|Intimidate|boost\n|-unboost|p1a: Alomomola|atk|1\n|\n|upkeep\n|turn|9\n|\n|t:|1773095704\n|detailschange|p2a: Mawile|Mawile-Mega, F\n|-mega|p2a: Mawile|Mawile|Mawilite\n|move|p2a: Mawile|Swords Dance|p2a: Mawile\n|-boost|p2a: Mawile|atk|2\n|move|p1a: Alomomola|Flip Turn|p2a: Mawile\n|-crit|p2a: Mawile\n|-damage|p2a: Mawile|79/100\n|\n|t:|1773095715\n|switch|p1a: Great Tusk|Great Tusk|100/100|[from] Flip Turn\n|-enditem|p1a: Great Tusk|Booster Energy\n|-activate|p1a: Great Tusk|ability: Protosynthesis|[fromitem]\n|-start|p1a: Great Tusk|protosynthesisspe\n|\n|-heal|p2a: Mawile|85/100|[from] Grassy Terrain\n|-fieldend|move: Grassy Terrain\n|upkeep\n|turn|10\n|\n|t:|1773095751\n|move|p2a: Mawile|Play Rough|p1a: Great Tusk\n|-supereffective|p1a: Great Tusk\n|-damage|p1a: Great Tusk|0 fnt\n|faint|p1a: Great Tusk\n|-end|p1a: Great Tusk|Protosynthesis|[silent]\n|\n|upkeep\n|\n|t:|1773095764\n|switch|p1a: Gholdengo|Gholdengo|100/100\n|turn|11\n|\n|t:|1773095768\n|switch|p1a: Alomomola|Alomomola, F|100/100\n|move|p2a: Mawile|Sucker Punch||[still]\n|-fail|p2a: Mawile\n|\n|-fieldend|move: Trick Room\n|upkeep\n|turn|12\n|\n|t:|1773095774\n|switch|p1a: Ting-Lu|Ting-Lu|100/100\n|-ability|p1a: Ting-Lu|Vessel of Ruin\n|move|p2a: Mawile|Knock Off|p1a: Ting-Lu\n|-resisted|p1a: Ting-Lu\n|-damage|p1a: Ting-Lu|67/100\n|-enditem|p1a: Ting-Lu|Leftovers|[from] move: Knock Off|[of] p2a: Mawile\n|\n|upkeep\n|turn|13\n|\n|t:|1773095810\n|switch|p2a: Cresselia|Cresselia, F|100/100\n|move|p1a: Ting-Lu|Earthquake|p2a: Cresselia\n|-immune|p2a: Cresselia|[from] ability: Levitate\n|\n|upkeep\n|turn|14\n|\n|t:|1773095816\n|move|p1a: Ting-Lu|Ruination|p2a: Cresselia\n|-damage|p2a: Cresselia|51/100\n|move|p2a: Cresselia|Trick Room|p2a: Cresselia\n|-fieldstart|move: Trick Room|[of] p2a: Cresselia\n|\n|upkeep\n|turn|15\n|\n|t:|1773095826\n|move|p2a: Cresselia|Lunar Dance|p2a: Cresselia\n|faint|p2a: Cresselia\n|move|p1a: Ting-Lu|Whirlwind|p2: Cresselia|[notarget]\n|-fail|p1a: Ting-Lu\n|\n|upkeep\n|\n|t:|1773095832\n|switch|p2a: Ursaluna|Ursaluna, M|43/100 brn\n|-heal|p2a: Ursaluna|100/100|[from] move: Lunar Dance\n|turn|16\n|\n|t:|1773095843\n|move|p2a: Ursaluna|Swords Dance|p2a: Ursaluna\n|-boost|p2a: Ursaluna|atk|2\n|move|p1a: Ting-Lu|Ruination|p2a: Ursaluna\n|-damage|p2a: Ursaluna|51/100\n|\n|-status|p2a: Ursaluna|brn|[from] item: Flame Orb\n|upkeep\n|turn|17\n|\n|t:|1773095852\n|switch|p1a: Gholdengo|Gholdengo|100/100\n|move|p2a: Ursaluna|Facade|p1a: Gholdengo\n|-immune|p1a: Gholdengo\n|\n|-damage|p2a: Ursaluna|45/100 brn|[from] brn\n|upkeep\n|turn|18\n|\n|t:|1773095870\n|move|p2a: Ursaluna|Headlong Rush|p1a: Gholdengo\n|-supereffective|p1a: Gholdengo\n|-damage|p1a: Gholdengo|0 fnt\n|-unboost|p2a: Ursaluna|def|1\n|-unboost|p2a: Ursaluna|spd|1\n|faint|p1a: Gholdengo\n|\n|-damage|p2a: Ursaluna|39/100 brn|[from] brn\n|-fieldend|move: Trick Room\n|upkeep\n|\n|t:|1773095875\n|switch|p1a: Alomomola|Alomomola, F|100/100\n|turn|19\n|\n|t:|1773095886\n|switch|p2a: Porygon2|Porygon2|82/100\n|-ability|p2a: Porygon2|Regenerator|Trace|[from] ability: Trace|[of] p1a: Alomomola\n|move|p1a: Alomomola|Flip Turn|p2a: Porygon2\n|-crit|p2a: Porygon2\n|-damage|p2a: Porygon2|66/100\n|\n|t:|1773095890\n|switch|p1a: Ting-Lu|Ting-Lu|67/100|[from] Flip Turn\n|-ability|p1a: Ting-Lu|Vessel of Ruin\n|\n|upkeep\n|turn|20\n|\n|t:|1773095899\n|move|p1a: Ting-Lu|Earthquake|p2a: Porygon2\n|-damage|p2a: Porygon2|39/100\n|move|p2a: Porygon2|Trick Room|p2a: Porygon2\n|-fieldstart|move: Trick Room|[of] p2a: Porygon2\n|\n|upkeep\n|turn|21\n|\n|t:|1773095908\n|move|p1a: Ting-Lu|Earthquake|p2a: Porygon2\n|-damage|p2a: Porygon2|14/100\n|move|p2a: Porygon2|Teleport|p2a: Porygon2\n|\n|t:|1773095927\n|switch|p2a: Ursaluna|Ursaluna, M|39/100 brn|[from] Teleport\n|\n|-damage|p2a: Ursaluna|32/100 brn|[from] brn\n|upkeep\n|turn|22\n|\n|t:|1773095933\n|switch|p1a: Alomomola|Alomomola, F|100/100\n|move|p2a: Ursaluna|Facade|p1a: Alomomola\n|-damage|p1a: Alomomola|33/100\n|-damage|p2a: Ursaluna|16/100 brn|[from] item: Rocky Helmet|[of] p1a: Alomomola\n|\n|-damage|p2a: Ursaluna|10/100 brn|[from] brn\n|upkeep\n|turn|23\n|\n|t:|1773095945\n|move|p1a: Alomomola|Protect|p1a: Alomomola\n|-singleturn|p1a: Alomomola|Protect\n|move|p2a: Ursaluna|Facade|p1a: Alomomola\n|-activate|p1a: Alomomola|move: Protect\n|\n|-damage|p2a: Ursaluna|4/100 brn|[from] brn\n|upkeep\n|turn|24\n|\n|t:|1773095957\n|move|p1a: Alomomola|Protect||[still]\n|-fail|p1a: Alomomola\n|move|p2a: Ursaluna|Headlong Rush|p1a: Alomomola\n|-damage|p1a: Alomomola|0 fnt\n|-unboost|p2a: Ursaluna|def|1\n|-unboost|p2a: Ursaluna|spd|1\n|-damage|p2a: Ursaluna|0 fnt|[from] item: Rocky Helmet|[of] p1a: Alomomola\n|faint|p1a: Alomomola\n|faint|p2a: Ursaluna\n|\n|-fieldend|move: Trick Room\n|upkeep\n|\n|t:|1773095974\n|switch|p1a: Ting-Lu|Ting-Lu|67/100\n|switch|p2a: Hatterene|Hatterene, F|100/100\n|-ability|p1a: Ting-Lu|Vessel of Ruin\n|turn|25\n|\n|t:|1773095980\n|move|p1a: Ting-Lu|Earthquake|p2a: Hatterene\n|-damage|p2a: Hatterene|60/100\n|move|p2a: Hatterene|Trick Room|p2a: Hatterene\n|-fieldstart|move: Trick Room|[of] p2a: Hatterene\n|\n|upkeep\n|turn|26\n|\n|t:|1773095990\n|move|p2a: Hatterene|Misty Explosion|p1a: Ting-Lu\n|-supereffective|p1a: Ting-Lu\n|-damage|p1a: Ting-Lu|17/100\n|faint|p2a: Hatterene\n|move|p1a: Ting-Lu|Earthquake|p2: Hatterene|[notarget]\n|-fail|p1a: Ting-Lu\n|\n|upkeep\n|\n|t:|1773095997\n|switch|p2a: Mawile|Mawile-Mega, F|85/100\n|turn|27\n|\n|t:|1773096007\n|move|p2a: Mawile|Play Rough|p1a: Ting-Lu\n|-supereffective|p1a: Ting-Lu\n|-damage|p1a: Ting-Lu|0 fnt\n|faint|p1a: Ting-Lu\n|\n|win|cloxd4u_\n|raw|Russianum's rating: 1124 &rarr; <strong>1106</strong><br />(-18 for losing)\n|raw|cloxd4u_'s rating: 1103 &rarr; <strong>1140</strong><br />(+37 for winning)\n|c|☆Russianum|gg\n|c|☆cloxd4u_|gg\n|l|☆Russianum\n|player|p1|\n"}