|j|☆squib
|j|☆Antboy12
|t:|1773093209
|gametype|doubles
|player|p1|squib|266|
|player|p2|Antboy12|1|
|gen|9
|tier|[Gen 9] NatDex RC VGC 2026 Reg B
|rated|Tournament battle
|rule|Species Clause: Limit one of each Pokémon
|rule|Item Clause: Limit 1 of each item
|rule|HP Percentage Mod: HP is shown in percentages
|rule|Endless Battle Clause: Forcing endless battles is banned
|rule|Terastal Clause: You cannot Terastallize
|clearpoke
|poke|p1|Cresselia, L50, F|
|poke|p1|Heatran, L50, F|
|poke|p1|Amoonguss, L50, F|
|poke|p1|Landorus-Therian, L50, M|
|poke|p1|Flutter Mane, L50|
|poke|p1|Urshifu-*, L50, M|
|poke|p2|Dragonite, L50, F|
|poke|p2|Incineroar, L50, F|
|poke|p2|Torkoal, L50, F|
|poke|p2|Typhlosion, L50, M|
|poke|p2|Farigiraf, L50, M|
|poke|p2|Lilligant-Hisui, L50, F|
|teampreview|4
|showteam|p1|Cresselia||SafetyGoggles|Levitate|TrickRoom,LunarBlessing,IceBeam,Protect|||F|||50|]Heatran||Heatranite|FlashFire|HeatWave,FlashCannon,Substitute,Protect|||F|||50|]Amoonguss||RockyHelmet|Regenerator|RagePowder,Spore,SludgeBomb,Protect|||F|||50|]Landorus-Therian||ChoiceBand|Intimidate|StompingTantrum,RockSlide,Earthquake,Uturn|||M|||50|]Flutter Mane||BoosterEnergy|Protosynthesis|Moonblast,IcyWind,ThunderWave,Protect||||||50|]Urshifu-Rapid-Strike||FocusSash|UnseenFist|SurgingStrikes,CloseCombat,Taunt,Detect|||M|||50|
|showteam|p2|Dragonite||LoadedDice|InnerFocus|ScaleShot,ExtremeSpeed,Tailwind,IceSpinner|||F|||50|]Incineroar||SafetyGoggles|Intimidate|FakeOut,FlareBlitz,KnockOff,PartingShot|||F|||50|]Torkoal||LifeOrb|Drought|Eruption,WeatherBall,SolarBeam,Protect|||F|||50|]Typhlosion||ChoiceScarf|FlashFire|Eruption,HeatWave,SolarBeam,ScorchingSands|||M|||50|]Farigiraf||MentalHerb|ArmorTail|FoulPlay,TrickRoom,HelpingHand,Protect|||M|||50|]Lilligant-Hisui||FocusSash|Chlorophyll|AfterYou,SleepPowder,SolarBlade,CloseCombat|||F|||50|
|inactive|Battle timer is ON: inactive players will automatically lose when time's up. (requested by Antboy12)
|inactive|squib has 60 seconds left.
|inactive|squib has 30 seconds left.
|c|☆squib|this is just loss from team preview aint it
|c|☆squib|oh boy
|inactive|squib has 20 seconds left.
|inactive|squib has 15 seconds left.
|inactive|squib has 10 seconds left.
|inactive|squib has 5 seconds left.
|
|t:|1773093295
|teamsize|p1|4
|teamsize|p2|4
|start
|switch|p1a: Flutter Mane|Flutter Mane, L50|100/100
|switch|p1b: Urshifu|Urshifu-Rapid-Strike, L50, M|100/100
|switch|p2a: Torkoal|Torkoal, L50, F|100/100
|switch|p2b: Lilligant|Lilligant-Hisui, L50, F|100/100
|-weather|SunnyDay|[from] ability: Drought|[of] p2a: Torkoal
|-activate|p1a: Flutter Mane|ability: Protosynthesis
|-start|p1a: Flutter Mane|protosynthesisspe
|turn|1
|inactive|squib has 30 seconds left.
|inactive|Antboy12 has 30 seconds left.
|inactive|squib has 20 seconds left.
|inactive|squib has 15 seconds left.
|inactive|Antboy12 has 20 seconds left.
|
|t:|1773093339
|move|p1a: Flutter Mane|Protect|p1a: Flutter Mane
|-singleturn|p1a: Flutter Mane|Protect
|move|p2b: Lilligant|After You|p2a: Torkoal
|-activate|p2a: Torkoal|move: After You
|move|p2a: Torkoal|Eruption|p1a: Flutter Mane|[spread] p1b
|-activate|p1a: Flutter Mane|move: Protect
|-resisted|p1b: Urshifu
|-damage|p1b: Urshifu|30/100
|-damage|p2a: Torkoal|91/100|[from] item: Life Orb
|move|p1b: Urshifu|Taunt|p2b: Lilligant
|-start|p2b: Lilligant|move: Taunt
|
|-weather|SunnyDay|[upkeep]
|upkeep
|turn|2
|inactive|squib has 30 seconds left.
|inactive|squib has 20 seconds left.
|
|t:|1773093378
|move|p1b: Urshifu|Detect|p1b: Urshifu
|-singleturn|p1b: Urshifu|Protect
|move|p2b: Lilligant|Solar Blade||[still]
|-prepare|p2b: Lilligant|Solar Blade
|-anim|p2b: Lilligant|Solar Blade|p1b: Urshifu
|-activate|p1b: Urshifu|move: Protect
|move|p1a: Flutter Mane|Moonblast|p2b: Lilligant
|-supereffective|p2b: Lilligant
|-enditem|p2b: Lilligant|Focus Sash
|-damage|p2b: Lilligant|1/100
|move|p2a: Torkoal|Weather Ball|p1a: Flutter Mane
|-damage|p1a: Flutter Mane|29/100
|-damage|p2a: Torkoal|81/100|[from] item: Life Orb
|
|-weather|SunnyDay|[upkeep]
|upkeep
|turn|3
|inactive|squib has 30 seconds left.
|inactive|squib has 20 seconds left.
|inactive|squib has 15 seconds left.
|
|t:|1773093418
|switch|p1b: Heatran|Heatran, L50, F|100/100
|move|p1a: Flutter Mane|Protect|p1a: Flutter Mane
|-singleturn|p1a: Flutter Mane|Protect
|move|p2b: Lilligant|Solar Blade||[still]
|-prepare|p2b: Lilligant|Solar Blade
|-anim|p2b: Lilligant|Solar Blade|p1b: Heatran
|-resisted|p1b: Heatran
|-damage|p1b: Heatran|88/100
|move|p2a: Torkoal|Weather Ball|p1a: Flutter Mane
|-activate|p1a: Flutter Mane|move: Protect
|
|-weather|SunnyDay|[upkeep]
|upkeep
|turn|4
|inactive|squib has 30 seconds left.
|inactive|squib has 20 seconds left.
|
|t:|1773093456
|detailschange|p1b: Heatran|Heatran-Mega, L50, F
|-mega|p1b: Heatran|Heatran|Heatranite
|move|p2a: Torkoal|Protect|p2a: Torkoal
|-singleturn|p2a: Torkoal|Protect
|move|p2b: Lilligant|Solar Blade||[still]
|-prepare|p2b: Lilligant|Solar Blade
|-anim|p2b: Lilligant|Solar Blade|p1a: Flutter Mane
|-damage|p1a: Flutter Mane|0 fnt
|faint|p1a: Flutter Mane
|-end|p1a: Flutter Mane|Protosynthesis|[silent]
|move|p1b: Heatran|Substitute|p1b: Heatran
|-start|p1b: Heatran|Substitute
|-damage|p1b: Heatran|63/100
|
|-weather|SunnyDay|[upkeep]
|-end|p2b: Lilligant|move: Taunt
|upkeep
|
|t:|1773093470
|switch|p1a: Landorus|Landorus-Therian, L50, M|100/100
|-ability|p1a: Landorus|Intimidate|boost
|-unboost|p2a: Torkoal|atk|1
|-unboost|p2b: Lilligant|atk|1
|turn|5
|c|☆Antboy12|was kinda afraid of that
|inactive|Antboy12 has 30 seconds left.
|
|t:|1773093504
|switch|p1a: Urshifu|Urshifu-Rapid-Strike, L50, M|30/100
|move|p2b: Lilligant|After You|p2a: Torkoal
|-activate|p2a: Torkoal|move: After You
|move|p2a: Torkoal|Eruption|p1b: Heatran|[spread] p1a,p1b
|-end|p1b: Heatran|Substitute
|-resisted|p1a: Urshifu
|-damage|p1a: Urshifu|0 fnt
|faint|p1a: Urshifu
|-damage|p2a: Torkoal|72/100|[from] item: Life Orb
|move|p1b: Heatran|Heat Wave|p2b: Lilligant|[spread] p2a,p2b
|-resisted|p2a: Torkoal
|-supereffective|p2b: Lilligant
|-damage|p2a: Torkoal|24/100
|-damage|p2b: Lilligant|0 fnt
|faint|p2b: Lilligant
|
|-weather|none
|upkeep
|
|t:|1773093522
|switch|p2b: Typhlosion|Typhlosion, L50, M|100/100
|switch|p1a: Landorus|Landorus-Therian, L50, M|100/100
|-ability|p1a: Landorus|Intimidate|boost
|-unboost|p2a: Torkoal|atk|1
|-unboost|p2b: Typhlosion|atk|1
|turn|6
|
|t:|1773093535
|switch|p2a: Incineroar|Incineroar, L50, F|100/100
|-ability|p2a: Incineroar|Intimidate|boost
|-unboost|p1a: Landorus|atk|1
|-unboost|p1b: Heatran|atk|1
|move|p2b: Typhlosion|Scorching Sands|p1b: Heatran
|-supereffective|p1b: Heatran
|-damage|p1b: Heatran|14/100
|move|p1a: Landorus|Rock Slide|p2b: Typhlosion|[spread] p2a,p2b
|-supereffective|p2a: Incineroar
|-supereffective|p2b: Typhlosion
|-damage|p2a: Incineroar|66/100
|-damage|p2b: Typhlosion|36/100
|move|p1b: Heatran|Heat Wave|p2a: Incineroar|[spread] p2a
|-start|p2b: Typhlosion|ability: Flash Fire
|-resisted|p2a: Incineroar
|-damage|p2a: Incineroar|43/100
|
|upkeep
|turn|7
|
|t:|1773093552
|move|p1b: Heatran|Protect|p1b: Heatran
|-singleturn|p1b: Heatran|Protect
|move|p2a: Incineroar|Fake Out|p1a: Landorus
|-damage|p1a: Landorus|87/100
|move|p2b: Typhlosion|Scorching Sands|p1b: Heatran
|-activate|p1b: Heatran|move: Protect
|cant|p1a: Landorus|flinch
|
|upkeep
|turn|8
|
|t:|1773093564
|move|p1b: Heatran|Protect||[still]
|-fail|p1b: Heatran
|move|p2b: Typhlosion|Scorching Sands|p1b: Heatran
|-supereffective|p1b: Heatran
|-damage|p1b: Heatran|0 fnt
|faint|p1b: Heatran
|detailschange|p1: Heatran|Heatran, L50, F|[silent]
|move|p1a: Landorus|Rock Slide|p2a: Incineroar|[spread] p2a
|-miss|p1a: Landorus|p2b: Typhlosion
|-supereffective|p2a: Incineroar
|-damage|p2a: Incineroar|9/100
|cant|p2a: Incineroar|flinch
|
|upkeep
|turn|9
|
|t:|1773093580
|-end|p2b: Typhlosion|ability: Flash Fire|[silent]
|switch|p2b: Torkoal|Torkoal, L50, F|24/100
|-weather|SunnyDay|[from] ability: Drought|[of] p2b: Torkoal
|move|p1a: Landorus|Rock Slide|p2a: Incineroar|[spread] p2a,p2b
|-supereffective|p2a: Incineroar
|-supereffective|p2b: Torkoal
|-damage|p2a: Incineroar|0 fnt
|-damage|p2b: Torkoal|0 fnt
|faint|p2a: Incineroar
|faint|p2b: Torkoal
|
|-weather|SunnyDay|[upkeep]
|upkeep
|
|t:|1773093587
|switch|p2a: Typhlosion|Typhlosion, L50, M|36/100
|turn|10
|
|t:|1773093591
|move|p2a: Typhlosion|Heat Wave|p1a: Landorus
|-damage|p1a: Landorus|0 fnt
|faint|p1a: Landorus
|
|win|Antboy12
|n|☆squib|squib
|n|☆Antboy12|antboy12
|c|☆Antboy12|ggs
|l|☆Antboy12
|player|p2|
