{"id":"roriashowdown-gen9natdexrcou-2170","p1":"","p2":"neo","format":"[Gen 9] NatDex RC OU","uploadtime":1773171297,"log":"|j|☆ImagineHD\n|j|☆neo\n|t:|1773169947\n|gametype|singles\n|player|p1|ImagineHD|unknownf|1240\n|player|p2|neo|elesa|1081\n|gen|9\n|tier|[Gen 9] NatDex RC OU\n|rated|\n|rule|HP Percentage Mod: HP is shown in percentages\n|rule|Endless Battle Clause: Forcing endless battles is banned\n|rule|Species Clause: Limit one of each Pokémon\n|rule|OHKO Clause: OHKO moves are banned\n|rule|Evasion Clause: Evasion abilities, items, and moves are banned\n|rule|Evasion Abilities Clause: Evasion abilities are banned\n|rule|Evasion Items Clause: Evasion items are banned\n|rule|Evasion Moves Clause: Evasion moves are banned\n|rule|Sleep Clause Mod: Limit one foe put to sleep\n|rule|Terastal Clause: You cannot Terastallize\n|clearpoke\n|poke|p1|Tapu Koko|\n|poke|p1|Rillaboom, F|\n|poke|p1|Decidueye, M|\n|poke|p1|Turtonator, F|\n|poke|p1|Stunfisk-Galar, F|\n|poke|p1|Alomomola, M|\n|poke|p2|Gliscor, F|\n|poke|p2|Corviknight, F|\n|poke|p2|Blissey, F|\n|poke|p2|Alomomola, M|\n|poke|p2|Weezing-Galar, M|\n|poke|p2|Clodsire, M|\n|teampreview\n|inactive|Battle timer is ON: inactive players will automatically lose when time's up. (requested by ImagineHD)\n|c|☆ImagineHD|...\n|c|☆neo|bye \n|c|☆ImagineHD|NOOOOOO\n|c|☆ImagineHD|yo neo\n|c|☆ImagineHD|i gotta go\n|c|☆ImagineHD|to school\n|c|☆ImagineHD|for uh\n|c|☆neo|ok bro\n|c|☆ImagineHD|volleyball\n|c|☆neo|ggs\n|c|☆ImagineHD|ye u can forfeit\n|c|☆ImagineHD|type shit\n|c|☆neo|nah bro\n|inactive|ImagineHD has 120 seconds left.\n|c|☆ImagineHD|bro neo lock in\n|inactive|neo has 120 seconds left.\n|c|☆ImagineHD|i wont reveal ur secret\n|c|☆neo|hehe\n|c|☆neo|ff bro\n|inactive|ImagineHD has 90 seconds left.\n|c|☆ImagineHD|i need this ss\n|c|☆ImagineHD|of me beating u\n|c|☆neo|hmmmmmmmmm\n|c|☆neo|should i\n|c|☆ImagineHD|ff\n|c|☆ImagineHD|and still get screenshotted\n|c|☆ImagineHD|yes\n|inactive|neo has 90 seconds left.\n|c|☆neo|BRO ETERNAL FF\n|c|☆ImagineHD|im good\n|c|☆ImagineHD|im a man\n|c|☆ImagineHD|lead that gliscor shawty\n|c|☆neo|ImagineHD\n|\n|t:|1773170062\n|teamsize|p1|6\n|teamsize|p2|6\n|start\n|switch|p1a: Stunfisk|Stunfisk-Galar, F|100/100\n|switch|p2a: Alomomola|Alomomola, M|100/100\n|turn|1\n|c|☆ImagineHD|neo\n|inactive|ImagineHD has 120 seconds left.\n|c|☆neo|yo\n|\n|t:|1773170112\n|move|p2a: Alomomola|Toxic|p1a: Stunfisk|[miss]\n|-miss|p2a: Alomomola|p1a: Stunfisk\n|move|p1a: Stunfisk|Stealth Rock|p2a: Alomomola\n|-sidestart|p2: neo|move: Stealth Rock\n|\n|upkeep\n|turn|2\n|c|☆neo|deci getting nerfed bro\n|c|☆neo|enjoy it while u can\n|c|☆ImagineHD|i mean\n|c|☆ImagineHD|when ur the most creative mind\n|inactive|ImagineHD has 90 seconds left.\n|c|☆ImagineHD|in rc\n|c|☆ImagineHD|finding all the broken shit\n|c|☆ImagineHD|yall wouldnt even nerf it if it wasnt for me abusing grassy glide\n|c|☆ImagineHD|let that sink in\n|\n|t:|1773170154\n|move|p2a: Alomomola|Toxic|p1a: Stunfisk\n|-immune|p1a: Stunfisk\n|move|p1a: Stunfisk|Flip Turn|p2a: Alomomola\n|-resisted|p2a: Alomomola\n|-damage|p2a: Alomomola|97/100\n|-damage|p1a: Stunfisk|84/100|[from] item: Rocky Helmet|[of] p2a: Alomomola\n|\n|t:|1773170160\n|switch|p1a: Rillaboom|Rillaboom, F|100/100|[from] Flip Turn\n|-fieldstart|move: Grassy Terrain|[from] ability: Grassy Surge|[of] p1a: Rillaboom\n|\n|-heal|p2a: Alomomola|100/100|[from] Grassy Terrain\n|upkeep\n|turn|3\n|\n|t:|1773170164\n|move|p2a: Alomomola|Protect|p2a: Alomomola\n|-singleturn|p2a: Alomomola|Protect\n|move|p1a: Rillaboom|U-turn|p2a: Alomomola\n|-activate|p2a: Alomomola|move: Protect\n|\n|upkeep\n|turn|4\n|c|☆ImagineHD|can u play the game\n|\n|t:|1773170169\n|switch|p2a: Corviknight|Corviknight, F, shiny|100/100\n|-ability|p2a: Corviknight|Pressure\n|move|p1a: Rillaboom|U-turn|p2a: Corviknight\n|-resisted|p2a: Corviknight\n|-damage|p2a: Corviknight|96/100\n|\n|t:|1773170178\n|switch|p1a: Decidueye|Decidueye, M|100/100|[from] U-turn\n|\n|upkeep\n|turn|5\n|\n|t:|1773170193\n|switch|p2a: Weezing|Weezing-Galar, M|100/100\n|-ability|p2a: Weezing|Neutralizing Gas\n|-damage|p2a: Weezing|88/100|[from] Stealth Rock\n|move|p1a: Decidueye|Swords Dance|p1a: Decidueye\n|-boost|p1a: Decidueye|atk|2\n|\n|-heal|p2a: Weezing|94/100|[from] Grassy Terrain\n|-heal|p2a: Weezing|99/100|[from] item: Leftovers\n|upkeep\n|turn|6\n|\n|t:|1773170200\n|-zpower|p1a: Decidueye\n|move|p1a: Decidueye|Never-Ending Nightmare|p2a: Weezing|[zeffect]\n|-damage|p2a: Weezing|0 fnt\n|faint|p2a: Weezing\n|-end|p2a: Weezing|ability: Neutralizing Gas\n|\n|upkeep\n|c|☆neo|yea yea yea\n|c|☆neo|we get it\n|c|☆ImagineHD|yep\n|c|☆ImagineHD|lemme catch this 6-0\n|\n|t:|1773170219\n|switch|p2a: Alomomola|Alomomola, M|100/100\n|-damage|p2a: Alomomola|88/100|[from] Stealth Rock\n|turn|7\n|c|☆ImagineHD|its balanced i swear\n|\n|t:|1773170228\n|move|p1a: Decidueye|Poltergeist|p2a: Alomomola\n|-activate|p2a: Alomomola|move: Poltergeist|Rocky Helmet\n|-damage|p2a: Alomomola|33/100\n|move|p2a: Alomomola|Toxic|p1a: Decidueye\n|-status|p1a: Decidueye|tox\n|\n|-heal|p2a: Alomomola|39/100|[from] Grassy Terrain\n|-damage|p1a: Decidueye|95/100 tox|[from] psn\n|upkeep\n|turn|8\n|\n|t:|1773170234\n|move|p2a: Alomomola|Protect|p2a: Alomomola\n|-singleturn|p2a: Alomomola|Protect\n|move|p1a: Decidueye|Swords Dance|p1a: Decidueye\n|-boost|p1a: Decidueye|atk|2\n|\n|-heal|p1a: Decidueye|100/100 tox|[from] Grassy Terrain\n|-heal|p2a: Alomomola|45/100|[from] Grassy Terrain\n|-damage|p1a: Decidueye|89/100 tox|[from] psn\n|upkeep\n|turn|9\n|\n|t:|1773170256\n|switch|p2a: Blissey|Blissey, F|100/100\n|-damage|p2a: Blissey|88/100|[from] Stealth Rock\n|move|p1a: Decidueye|Close Combat|p2a: Blissey\n|-supereffective|p2a: Blissey\n|-damage|p2a: Blissey|0 fnt\n|-unboost|p1a: Decidueye|def|1\n|-unboost|p1a: Decidueye|spd|1\n|faint|p2a: Blissey\n|\n|-heal|p1a: Decidueye|95/100 tox|[from] Grassy Terrain\n|-damage|p1a: Decidueye|77/100 tox|[from] psn\n|-fieldend|move: Grassy Terrain\n|upkeep\n|\n|t:|1773170259\n|switch|p2a: Clodsire|Clodsire, M|100/100\n|turn|10\n|\n|t:|1773170270\n|move|p1a: Decidueye|Poltergeist|p2a: Clodsire\n|-activate|p2a: Clodsire|move: Poltergeist|Heavy-Duty Boots\n|-damage|p2a: Clodsire|36/100\n|move|p2a: Clodsire|Recover|p2a: Clodsire\n|-heal|p2a: Clodsire|86/100\n|\n|-damage|p1a: Decidueye|53/100 tox|[from] psn\n|upkeep\n|turn|11\n|c|☆ImagineHD|OKAY\n|c|☆ImagineHD|balanced\n|\n|t:|1773170294\n|switch|p1a: Stunfisk|Stunfisk-Galar, F|84/100\n|move|p2a: Clodsire|Recover|p2a: Clodsire\n|-heal|p2a: Clodsire|100/100\n|\n|-heal|p1a: Stunfisk|90/100|[from] item: Leftovers\n|upkeep\n|turn|12\n|\n|t:|1773170304\n|switch|p2a: Alomomola|Alomomola, M|79/100\n|-damage|p2a: Alomomola|66/100|[from] Stealth Rock\n|move|p1a: Stunfisk|Scorching Sands|p2a: Alomomola\n|-damage|p2a: Alomomola|42/100\n|\n|-heal|p1a: Stunfisk|96/100|[from] item: Leftovers\n|upkeep\n|turn|13\n|\n|t:|1773170308\n|move|p2a: Alomomola|Wish|p2a: Alomomola\n|move|p1a: Stunfisk|Scorching Sands|p2a: Alomomola\n|-damage|p2a: Alomomola|19/100\n|\n|-heal|p1a: Stunfisk|100/100|[from] item: Leftovers\n|upkeep\n|turn|14\n|\n|t:|1773170315\n|switch|p1a: Tapu Koko|Tapu Koko|100/100\n|-fieldstart|move: Electric Terrain|[from] ability: Electric Surge|[of] p1a: Tapu Koko\n|move|p2a: Alomomola|Protect||[still]\n|-fail|p2a: Alomomola\n|\n|-heal|p2a: Alomomola|69/100|[from] move: Wish|[wisher] Alomomola\n|upkeep\n|turn|15\n|c|☆neo|omg wait ur not weird\n|c|☆neo|also idk why recover 8 pp here\n|c|☆neo|ig tho\n|c|☆ImagineHD|i love that\n|inactive|ImagineHD has 120 seconds left.\n|\n|t:|1773170350\n|switch|p1a: Alomomola|Alomomola, M|100/100\n|move|p2a: Alomomola|Protect||[still]\n|-fail|p2a: Alomomola\n|\n|upkeep\n|turn|16\n|\n|t:|1773170355\n|move|p2a: Alomomola|Flip Turn|p1a: Alomomola\n|-resisted|p1a: Alomomola\n|-damage|p1a: Alomomola|95/100\n|\n|t:|1773170357\n|switch|p2a: Corviknight|Corviknight, F, shiny|96/100|[from] Flip Turn\n|-ability|p2a: Corviknight|Pressure\n|move|p1a: Alomomola|Knock Off|p2a: Corviknight\n|-damage|p2a: Corviknight|84/100\n|-enditem|p2a: Corviknight|Heavy-Duty Boots|[from] move: Knock Off|[of] p1a: Alomomola\n|\n|upkeep\n|turn|17\n|\n|t:|1773170368\n|move|p2a: Corviknight|Defog|p1a: Alomomola\n|-unboost|p1a: Alomomola|evasion|1\n|-sideend|p2: neo|Stealth Rock|[from] move: Defog|[of] p2a: Corviknight\n|-fieldend|move: Electric Terrain\n|move|p1a: Alomomola|Flip Turn|p2a: Corviknight\n|-damage|p2a: Corviknight|74/100\n|c|☆ImagineHD|boots has to be the sweatiest thing\n|c|☆ImagineHD|ive seen all day\n|c|☆ImagineHD|take a shower pooks\n|\n|t:|1773170386\n|switch|p1a: Turtonator|Turtonator, F|100/100|[from] Flip Turn\n|\n|upkeep\n|turn|18\n|c|☆neo|look at ur team\n|c|☆neo|lol\n|c|☆ImagineHD|...\n|\n|t:|1773170394\n|switch|p2a: Gliscor|Gliscor, F, shiny|100/100\n|move|p1a: Turtonator|Toxic|p2a: Gliscor\n|-status|p2a: Gliscor|tox\n|\n|upkeep\n|turn|19\n|c|☆ImagineHD|SHUT UP\n|c|☆ImagineHD|ur welcome bbg\n|c|☆ImagineHD|im kind ik\n|c|☆ImagineHD|i am NOT a cringe player\n|\n|t:|1773170419\n|move|p2a: Gliscor|Knock Off|p1a: Turtonator\n|-damage|p1a: Turtonator|88/100\n|-enditem|p1a: Turtonator|Heavy-Duty Boots|[from] move: Knock Off|[of] p2a: Gliscor\n|move|p1a: Turtonator|Rapid Spin|p2a: Gliscor\n|-crit|p2a: Gliscor\n|-damage|p2a: Gliscor|93/100 tox\n|-boost|p1a: Turtonator|spe|1\n|\n|-heal|p2a: Gliscor|100/100 tox|[from] ability: Poison Heal\n|upkeep\n|turn|20\n|\n|t:|1773170426\n|switch|p1a: Rillaboom|Rillaboom, F|100/100\n|-fieldstart|move: Grassy Terrain|[from] ability: Grassy Surge|[of] p1a: Rillaboom\n|move|p2a: Gliscor|Swords Dance|p2a: Gliscor\n|-boost|p2a: Gliscor|atk|2\n|\n|upkeep\n|turn|21\n|j| elmocapalot\n|c|☆neo|does detonating shell not work\n|c|☆ImagineHD|its not detonating shell\n|c|☆neo|oh nvm\n|c|☆neo|got nerfed\n|c| elmocapalot|i thouhgt u had to go to school kid\n|\n|t:|1773170441\n|move|p2a: Gliscor|Protect|p2a: Gliscor\n|-singleturn|p2a: Gliscor|Protect\n|move|p1a: Rillaboom|Grassy Glide|p2a: Gliscor\n|-activate|p2a: Gliscor|move: Protect\n|\n|upkeep\n|turn|22\n|c|☆ImagineHD|i can explain\n|\n|t:|1773170455\n|move|p1a: Rillaboom|Grassy Glide|p2a: Gliscor\n|-damage|p2a: Gliscor|69/100 tox\n|move|p2a: Gliscor|Facade|p1a: Rillaboom\n|-damage|p1a: Rillaboom|39/100\n|\n|-heal|p1a: Rillaboom|46/100|[from] Grassy Terrain\n|-heal|p2a: Gliscor|81/100 tox|[from] ability: Poison Heal\n|upkeep\n|turn|23\n|\n|t:|1773170463\n|switch|p1a: Stunfisk|Stunfisk-Galar, F|100/100\n|move|p2a: Gliscor|Facade|p1a: Stunfisk\n|-resisted|p1a: Stunfisk\n|-damage|p1a: Stunfisk|78/100\n|\n|-heal|p1a: Stunfisk|84/100|[from] Grassy Terrain\n|-heal|p1a: Stunfisk|90/100|[from] item: Leftovers\n|-heal|p2a: Gliscor|94/100 tox|[from] ability: Poison Heal\n|upkeep\n|turn|24\n|\n|t:|1773170473\n|move|p2a: Gliscor|Knock Off|p1a: Stunfisk\n|-damage|p1a: Stunfisk|58/100\n|-enditem|p1a: Stunfisk|Leftovers|[from] move: Knock Off|[of] p2a: Gliscor\n|move|p1a: Stunfisk|Flip Turn|p2a: Gliscor\n|-supereffective|p2a: Gliscor\n|-damage|p2a: Gliscor|72/100 tox\n|\n|t:|1773170479\n|switch|p1a: Tapu Koko|Tapu Koko|100/100|[from] Flip Turn\n|-fieldstart|move: Electric Terrain|[from] ability: Electric Surge|[of] p1a: Tapu Koko\n|\n|-heal|p2a: Gliscor|85/100 tox|[from] ability: Poison Heal\n|upkeep\n|turn|25\n|\n|t:|1773170480\n|move|p2a: Gliscor|Protect|p2a: Gliscor\n|-singleturn|p2a: Gliscor|Protect\n|move|p1a: Tapu Koko|Hidden Power|p2a: Gliscor\n|-activate|p2a: Gliscor|move: Protect\n|\n|-heal|p2a: Gliscor|97/100 tox|[from] ability: Poison Heal\n|upkeep\n|turn|26\n|\n|t:|1773170483\n|switch|p2a: Alomomola|Alomomola, M|100/100\n|move|p1a: Tapu Koko|Hidden Power|p2a: Alomomola\n|-resisted|p2a: Alomomola\n|-damage|p2a: Alomomola|86/100\n|\n|upkeep\n|turn|27\n|\n|t:|1773170495\n|switch|p1a: Rillaboom|Rillaboom, F|46/100\n|-fieldstart|move: Grassy Terrain|[from] ability: Grassy Surge|[of] p1a: Rillaboom\n|move|p2a: Alomomola|Protect||[still]\n|-fail|p2a: Alomomola\n|\n|-heal|p1a: Rillaboom|52/100|[from] Grassy Terrain\n|-heal|p2a: Alomomola|92/100|[from] Grassy Terrain\n|upkeep\n|turn|28\n|c|☆ImagineHD|wait\n|c|☆ImagineHD|i cant break this team anymore\n|c|☆ImagineHD|elmo\n|c|☆neo|why is protect so broken vs ur team\n|c|☆ImagineHD|IKR\n|inactive|ImagineHD has 120 seconds left.\n|c|☆ImagineHD|i cant break because corv has no item\n|c|☆ImagineHD|who am i clicking polt on\n|\n|t:|1773170553\n|move|p2a: Alomomola|Protect|p2a: Alomomola\n|-singleturn|p2a: Alomomola|Protect\n|move|p1a: Rillaboom|U-turn|p2a: Alomomola\n|-activate|p2a: Alomomola|move: Protect\n|\n|-heal|p1a: Rillaboom|58/100|[from] Grassy Terrain\n|-heal|p2a: Alomomola|98/100|[from] Grassy Terrain\n|upkeep\n|turn|29\n|\n|t:|1773170561\n|move|p1a: Rillaboom|U-turn|p2a: Alomomola\n|-damage|p2a: Alomomola|83/100\n|-damage|p1a: Rillaboom|41/100|[from] item: Rocky Helmet|[of] p2a: Alomomola\n|\n|t:|1773170566\n|switch|p1a: Turtonator|Turtonator, F|88/100|[from] U-turn\n|move|p2a: Alomomola|Flip Turn|p1a: Turtonator\n|-damage|p1a: Turtonator|78/100\n|\n|t:|1773170574\n|switch|p2a: Gliscor|Gliscor, F, shiny|97/100 tox|[from] Flip Turn\n|\n|-heal|p1a: Turtonator|84/100|[from] Grassy Terrain\n|-heal|p2a: Gliscor|100/100 tox|[from] ability: Poison Heal\n|upkeep\n|turn|30\n|\n|t:|1773170581\n|switch|p1a: Stunfisk|Stunfisk-Galar, F|58/100\n|move|p2a: Gliscor|Swords Dance|p2a: Gliscor\n|-boost|p2a: Gliscor|atk|2\n|\n|-heal|p1a: Stunfisk|64/100|[from] Grassy Terrain\n|upkeep\n|turn|31\n|\n|t:|1773170585\n|move|p2a: Gliscor|Swords Dance|p2a: Gliscor\n|-boost|p2a: Gliscor|atk|2\n|move|p1a: Stunfisk|Recover|p1a: Stunfisk\n|-heal|p1a: Stunfisk|100/100\n|\n|upkeep\n|turn|32\n|\n|t:|1773170589\n|move|p2a: Gliscor|Facade|p1a: Stunfisk\n|-resisted|p1a: Stunfisk\n|-damage|p1a: Stunfisk|68/100\n|move|p1a: Stunfisk|Flip Turn|p2a: Gliscor\n|-supereffective|p2a: Gliscor\n|-damage|p2a: Gliscor|78/100 tox\n|\n|t:|1773170592\n|switch|p1a: Tapu Koko|Tapu Koko|100/100|[from] Flip Turn\n|-fieldstart|move: Electric Terrain|[from] ability: Electric Surge|[of] p1a: Tapu Koko\n|\n|-heal|p2a: Gliscor|90/100 tox|[from] ability: Poison Heal\n|upkeep\n|turn|33\n|\n|t:|1773170595\n|move|p2a: Gliscor|Protect|p2a: Gliscor\n|-singleturn|p2a: Gliscor|Protect\n|move|p1a: Tapu Koko|Hidden Power|p2a: Gliscor\n|-activate|p2a: Gliscor|move: Protect\n|\n|-heal|p2a: Gliscor|100/100 tox|[from] ability: Poison Heal\n|upkeep\n|turn|34\n|\n|t:|1773170604\n|switch|p2a: Alomomola|Alomomola, M|100/100\n|move|p1a: Tapu Koko|Hidden Power|p2a: Alomomola\n|-resisted|p2a: Alomomola\n|-damage|p2a: Alomomola|85/100\n|\n|upkeep\n|turn|35\n|c|☆neo|called ur bluff\n|c|☆ImagineHD|bro\n|\n|t:|1773170618\n|switch|p1a: Stunfisk|Stunfisk-Galar, F|68/100\n|move|p2a: Alomomola|Toxic|p1a: Stunfisk\n|-immune|p1a: Stunfisk\n|\n|upkeep\n|turn|36\n|c|☆ImagineHD|i have no other play\n|c|☆ImagineHD|LOL\n|c|☆ImagineHD|like im stuck\n|\n|t:|1773170632\n|move|p2a: Alomomola|Flip Turn|p1a: Stunfisk\n|-supereffective|p1a: Stunfisk\n|-damage|p1a: Stunfisk|42/100\n|c|☆neo|why is protect soooo broken vs ur teammmm\n|\n|t:|1773170638\n|switch|p2a: Gliscor|Gliscor, F, shiny|100/100 tox|[from] Flip Turn\n|move|p1a: Stunfisk|Stealth Rock|p2a: Gliscor\n|-sidestart|p2: neo|move: Stealth Rock\n|\n|-fieldend|move: Electric Terrain\n|upkeep\n|turn|37\n|\n|t:|1773170647\n|move|p2a: Gliscor|Swords Dance|p2a: Gliscor\n|-boost|p2a: Gliscor|atk|2\n|move|p1a: Stunfisk|Flip Turn|p2a: Gliscor\n|-supereffective|p2a: Gliscor\n|-damage|p2a: Gliscor|80/100 tox\n|\n|t:|1773170648\n|switch|p1a: Tapu Koko|Tapu Koko|100/100|[from] Flip Turn\n|-fieldstart|move: Electric Terrain|[from] ability: Electric Surge|[of] p1a: Tapu Koko\n|\n|-heal|p2a: Gliscor|93/100 tox|[from] ability: Poison Heal\n|upkeep\n|turn|38\n|\n|t:|1773170653\n|move|p2a: Gliscor|Protect|p2a: Gliscor\n|-singleturn|p2a: Gliscor|Protect\n|move|p1a: Tapu Koko|Hidden Power|p2a: Gliscor\n|-activate|p2a: Gliscor|move: Protect\n|\n|-heal|p2a: Gliscor|100/100 tox|[from] ability: Poison Heal\n|upkeep\n|turn|39\n|\n|t:|1773170662\n|switch|p2a: Clodsire|Clodsire, M|100/100\n|move|p1a: Tapu Koko|Hidden Power|p2a: Clodsire\n|-supereffective|p2a: Clodsire\n|-damage|p2a: Clodsire|73/100\n|\n|upkeep\n|turn|40\n|l| elmocapalot\n|\n|t:|1773170680\n|switch|p1a: Stunfisk|Stunfisk-Galar, F|42/100\n|switch|p2a: Alomomola|Alomomola, M|100/100\n|-damage|p2a: Alomomola|88/100|[from] Stealth Rock\n|\n|upkeep\n|turn|41\n|c|☆ImagineHD|so much DAHmige\n|\n|t:|1773170695\n|move|p2a: Alomomola|Flip Turn|p1a: Stunfisk\n|-supereffective|p1a: Stunfisk\n|-damage|p1a: Stunfisk|16/100\n|c|☆neo|why does ur recover say 23.6/25.6\n|c|☆ImagineHD|urs say the same thing\n|\n|t:|1773170707\n|switch|p2a: Gliscor|Gliscor, F, shiny|100/100 tox|[from] Flip Turn\n|-damage|p2a: Gliscor|88/100 tox|[from] Stealth Rock\n|move|p1a: Stunfisk|Scorching Sands|p2a: Gliscor\n|-immune|p2a: Gliscor\n|\n|-heal|p2a: Gliscor|100/100 tox|[from] ability: Poison Heal\n|-fieldend|move: Electric Terrain\n|upkeep\n|turn|42\n|c|☆ImagineHD|funny bug\n|\n|t:|1773170713\n|switch|p1a: Tapu Koko|Tapu Koko|100/100\n|-fieldstart|move: Electric Terrain|[from] ability: Electric Surge|[of] p1a: Tapu Koko\n|move|p2a: Gliscor|Knock Off|p1a: Tapu Koko\n|-resisted|p1a: Tapu Koko\n|-damage|p1a: Tapu Koko|86/100\n|-enditem|p1a: Tapu Koko|Choice Specs|[from] move: Knock Off|[of] p2a: Gliscor\n|\n|upkeep\n|turn|43\n|c|☆ImagineHD|uh\n|c|☆neo|noooo\n|c|☆neo|anyways might actually be good for me\n|c|☆neo|clod nnot taking 27 nm\n|\n|t:|1773170742\n|switch|p1a: Rillaboom|Rillaboom, F|41/100\n|-fieldstart|move: Grassy Terrain|[from] ability: Grassy Surge|[of] p1a: Rillaboom\n|move|p2a: Gliscor|Protect||[still]\n|-fail|p2a: Gliscor\n|\n|-heal|p1a: Rillaboom|47/100|[from] Grassy Terrain\n|upkeep\n|turn|44\n|c|☆ImagineHD|bro 27 is NOTHING\n|\n|t:|1773170755\n|switch|p2a: Corviknight|Corviknight, F, shiny|74/100\n|-damage|p2a: Corviknight|62/100|[from] Stealth Rock\n|-ability|p2a: Corviknight|Pressure\n|move|p1a: Rillaboom|U-turn|p2a: Corviknight\n|-resisted|p2a: Corviknight\n|-damage|p2a: Corviknight|58/100\n|c|☆neo|with 8 recover \n|\n|t:|1773170766\n|switch|p1a: Decidueye|Decidueye, M|53/100 tox|[from] U-turn\n|\n|-heal|p1a: Decidueye|59/100 tox|[from] Grassy Terrain\n|-damage|p1a: Decidueye|53/100 tox|[from] psn\n|upkeep\n|turn|45\n|\n|t:|1773170774\n|move|p1a: Decidueye|Swords Dance|p1a: Decidueye\n|-boost|p1a: Decidueye|atk|2\n|move|p2a: Corviknight|Roost|p2a: Corviknight\n|-heal|p2a: Corviknight|100/100\n|-singleturn|p2a: Corviknight|move: Roost\n|\n|-heal|p1a: Decidueye|59/100 tox|[from] Grassy Terrain\n|-damage|p1a: Decidueye|47/100 tox|[from] psn\n|upkeep\n|turn|46\n|\n|t:|1773170783\n|move|p1a: Decidueye|Close Combat|p2a: Corviknight\n|-damage|p2a: Corviknight|43/100\n|-unboost|p1a: Decidueye|def|1\n|-unboost|p1a: Decidueye|spd|1\n|move|p2a: Corviknight|Iron Defense|p2a: Corviknight\n|-boost|p2a: Corviknight|def|2\n|\n|-heal|p1a: Decidueye|53/100 tox|[from] Grassy Terrain\n|-damage|p1a: Decidueye|35/100 tox|[from] psn\n|upkeep\n|turn|47\n|c|☆ImagineHD|holy tickle\n|\n|t:|1773170795\n|switch|p1a: Tapu Koko|Tapu Koko|86/100\n|-fieldstart|move: Electric Terrain|[from] ability: Electric Surge|[of] p1a: Tapu Koko\n|move|p2a: Corviknight|Roost|p2a: Corviknight\n|-heal|p2a: Corviknight|94/100\n|-singleturn|p2a: Corviknight|move: Roost\n|\n|upkeep\n|turn|48\n|c|☆neo|im not even full phydef\n|c|☆ImagineHD|see deci is balanced\n|c|☆neo|200/188\n|\n|t:|1773170816\n|switch|p2a: Clodsire|Clodsire, M|73/100\n|move|p1a: Tapu Koko|Hidden Power|p2a: Clodsire\n|-supereffective|p2a: Clodsire\n|-damage|p2a: Clodsire|57/100\n|\n|upkeep\n|turn|49\n|\n|t:|1773170827\n|switch|p1a: Stunfisk|Stunfisk-Galar, F|16/100\n|move|p2a: Clodsire|Recover|p2a: Clodsire\n|-heal|p2a: Clodsire|100/100\n|\n|upkeep\n|turn|50\n|\n|t:|1773170832\n|switch|p2a: Corviknight|Corviknight, F, shiny|94/100\n|-damage|p2a: Corviknight|81/100|[from] Stealth Rock\n|-ability|p2a: Corviknight|Pressure\n|move|p1a: Stunfisk|Recover|p1a: Stunfisk\n|-heal|p1a: Stunfisk|66/100\n|\n|upkeep\n|turn|51\n|\n|t:|1773170840\n|switch|p1a: Turtonator|Turtonator, F|84/100\n|move|p2a: Corviknight|Defog|p1a: Turtonator\n|-unboost|p1a: Turtonator|evasion|1\n|-sideend|p2: neo|Stealth Rock|[from] move: Defog|[of] p2a: Corviknight\n|-fieldend|move: Electric Terrain\n|\n|upkeep\n|turn|52\n|\n|t:|1773170853\n|switch|p2a: Gliscor|Gliscor, F, shiny|100/100 tox\n|move|p1a: Turtonator|Flamethrower|p2a: Gliscor\n|-damage|p2a: Gliscor|78/100 tox\n|\n|-heal|p2a: Gliscor|91/100 tox|[from] ability: Poison Heal\n|upkeep\n|turn|53\n|\n|t:|1773170867\n|switch|p1a: Alomomola|Alomomola, M|100/100\n|move|p2a: Gliscor|Facade|p1a: Alomomola\n|-damage|p1a: Alomomola|79/100\n|\n|-heal|p2a: Gliscor|100/100 tox|[from] ability: Poison Heal\n|upkeep\n|turn|54\n|\n|t:|1773170875\n|move|p2a: Gliscor|Knock Off|p1a: Alomomola\n|-damage|p1a: Alomomola|65/100\n|-enditem|p1a: Alomomola|Assault Vest|[from] move: Knock Off|[of] p2a: Gliscor\n|move|p1a: Alomomola|Scald|p2a: Gliscor\n|-supereffective|p2a: Gliscor\n|-damage|p2a: Gliscor|76/100 tox\n|\n|-heal|p2a: Gliscor|89/100 tox|[from] ability: Poison Heal\n|upkeep\n|turn|55\n|\n|t:|1773170881\n|move|p2a: Gliscor|Swords Dance|p2a: Gliscor\n|-boost|p2a: Gliscor|atk|2\n|move|p1a: Alomomola|Scald|p2a: Gliscor\n|-supereffective|p2a: Gliscor\n|-damage|p2a: Gliscor|66/100 tox\n|\n|-heal|p2a: Gliscor|78/100 tox|[from] ability: Poison Heal\n|upkeep\n|turn|56\n|\n|t:|1773170887\n|move|p2a: Gliscor|Facade|p1a: Alomomola\n|-damage|p1a: Alomomola|23/100\n|move|p1a: Alomomola|Flip Turn|p2a: Gliscor\n|-supereffective|p2a: Gliscor\n|-damage|p2a: Gliscor|49/100 tox\n|\n|t:|1773170893\n|switch|p1a: Tapu Koko|Tapu Koko|86/100|[from] Flip Turn\n|-fieldstart|move: Electric Terrain|[from] ability: Electric Surge|[of] p1a: Tapu Koko\n|\n|-heal|p2a: Gliscor|62/100 tox|[from] ability: Poison Heal\n|upkeep\n|turn|57\n|\n|t:|1773170895\n|move|p2a: Gliscor|Protect|p2a: Gliscor\n|-singleturn|p2a: Gliscor|Protect\n|move|p1a: Tapu Koko|Hidden Power|p2a: Gliscor\n|-activate|p2a: Gliscor|move: Protect\n|\n|-heal|p2a: Gliscor|74/100 tox|[from] ability: Poison Heal\n|upkeep\n|turn|58\n|\n|t:|1773170904\n|switch|p1a: Decidueye|Decidueye, M|35/100 tox\n|switch|p2a: Clodsire|Clodsire, M|100/100\n|\n|-damage|p1a: Decidueye|29/100 tox|[from] psn\n|upkeep\n|turn|59\n|\n|t:|1773170912\n|switch|p2a: Corviknight|Corviknight, F, shiny|81/100\n|-ability|p2a: Corviknight|Pressure\n|move|p1a: Decidueye|Poltergeist||[still]\n|-fail|p1a: Decidueye\n|\n|-damage|p1a: Decidueye|17/100 tox|[from] psn\n|upkeep\n|turn|60\n|\n|t:|1773170917\n|switch|p1a: Rillaboom|Rillaboom, F|47/100\n|-fieldstart|move: Grassy Terrain|[from] ability: Grassy Surge|[of] p1a: Rillaboom\n|move|p2a: Corviknight|Iron Defense|p2a: Corviknight\n|-boost|p2a: Corviknight|def|2\n|\n|-heal|p1a: Rillaboom|53/100|[from] Grassy Terrain\n|upkeep\n|turn|61\n|\n|t:|1773170921\n|move|p1a: Rillaboom|U-turn|p2a: Corviknight\n|-resisted|p2a: Corviknight\n|-damage|p2a: Corviknight|79/100\n|\n|t:|1773170923\n|switch|p1a: Turtonator|Turtonator, F|84/100|[from] U-turn\n|move|p2a: Corviknight|Body Press|p1a: Turtonator\n|-damage|p1a: Turtonator|57/100\n|\n|-heal|p1a: Turtonator|63/100|[from] Grassy Terrain\n|upkeep\n|turn|62\n|\n|t:|1773170931\n|switch|p2a: Gliscor|Gliscor, F, shiny|74/100 tox\n|move|p1a: Turtonator|Draco Meteor|p2a: Gliscor\n|-damage|p2a: Gliscor|37/100 tox\n|-unboost|p1a: Turtonator|spa|2\n|\n|-heal|p1a: Turtonator|69/100|[from] Grassy Terrain\n|-heal|p2a: Gliscor|49/100 tox|[from] ability: Poison Heal\n|upkeep\n|turn|63\n|\n|t:|1773170937\n|switch|p1a: Tapu Koko|Tapu Koko|86/100\n|-fieldstart|move: Electric Terrain|[from] ability: Electric Surge|[of] p1a: Tapu Koko\n|move|p2a: Gliscor|Facade|p1a: Tapu Koko\n|-damage|p1a: Tapu Koko|44/100\n|\n|-heal|p2a: Gliscor|62/100 tox|[from] ability: Poison Heal\n|upkeep\n|turn|64\n|c|☆ImagineHD|broo im getting impatient\n|\n|t:|1773170944\n|move|p2a: Gliscor|Protect|p2a: Gliscor\n|-singleturn|p2a: Gliscor|Protect\n|move|p1a: Tapu Koko|Hidden Power|p2a: Gliscor\n|-activate|p2a: Gliscor|move: Protect\n|\n|-heal|p2a: Gliscor|74/100 tox|[from] ability: Poison Heal\n|upkeep\n|turn|65\n|c|☆ImagineHD|but like\n|c|☆ImagineHD|this team cant break without deci\n|c|☆ImagineHD|no future sight\n|c|☆ImagineHD|:sob:\n|c|☆neo|THE WAY I ALMOST CLICKED CORV\n|c|☆neo|also yeah\n|c|☆ImagineHD|ur making me dream\n|inactive|ImagineHD has 120 seconds left.\n|\n|t:|1773170974\n|switch|p2a: Clodsire|Clodsire, M|100/100\n|move|p1a: Tapu Koko|Hidden Power|p2a: Clodsire\n|-supereffective|p2a: Clodsire\n|-damage|p2a: Clodsire|82/100\n|\n|upkeep\n|turn|66\n|inactive|ImagineHD has 120 seconds left.\n|c|☆neo|ur team does kinda struggle vs stall w/o that bird guy\n|\n|t:|1773171012\n|switch|p1a: Stunfisk|Stunfisk-Galar, F|66/100\n|move|p2a: Clodsire|Spikes|p1a: Stunfisk\n|-sidestart|p1: ImagineHD|Spikes\n|\n|upkeep\n|turn|67\n|c|☆neo|mind u im playin like this cause 8 pp healing\n|c|☆neo|i couldve been way more aggressive\n|inactive|ImagineHD has 90 seconds left.\n|c|☆ImagineHD|im playing like this because i have NO CHOICE\n|c|☆ImagineHD|I HAVE NO OTHER PLAYSS\n|c|☆ImagineHD|other than recover stall\n|c|☆ImagineHD|:sob:\n|c|☆neo|:sob:\n|c|☆ImagineHD|TWINS\n|\n|t:|1773171047\n|switch|p2a: Corviknight|Corviknight, F, shiny|79/100\n|-ability|p2a: Corviknight|Pressure\n|move|p1a: Stunfisk|Scorching Sands|p2a: Corviknight\n|-immune|p2a: Corviknight\n|\n|-fieldend|move: Electric Terrain\n|upkeep\n|turn|68\n|c|☆neo|bro why is there only vgc tours\n|\n|t:|1773171055\n|move|p2a: Corviknight|Body Press|p1a: Stunfisk\n|-supereffective|p1a: Stunfisk\n|-damage|p1a: Stunfisk|30/100\n|move|p1a: Stunfisk|Flip Turn|p2a: Corviknight\n|-damage|p2a: Corviknight|71/100\n|c|☆ImagineHD|nah fr tho\n|\n|t:|1773171062\n|switch|p1a: Turtonator|Turtonator, F|69/100|[from] Flip Turn\n|-damage|p1a: Turtonator|57/100|[from] Spikes\n|\n|upkeep\n|turn|69\n|\n|t:|1773171068\n|switch|p2a: Gliscor|Gliscor, F, shiny|74/100 tox\n|move|p1a: Turtonator|Rapid Spin|p2a: Gliscor\n|-damage|p2a: Gliscor|69/100 tox\n|-boost|p1a: Turtonator|spe|1\n|-sideend|p1: ImagineHD|Spikes|[from] move: Rapid Spin|[of] p1a: Turtonator\n|\n|-heal|p2a: Gliscor|82/100 tox|[from] ability: Poison Heal\n|upkeep\n|turn|70\n|inactive|ImagineHD has 90 seconds left.\n|\n|t:|1773171082\n|switch|p1a: Alomomola|Alomomola, M|57/100\n|move|p2a: Gliscor|Facade|p1a: Alomomola\n|-damage|p1a: Alomomola|35/100\n|\n|-heal|p2a: Gliscor|94/100 tox|[from] ability: Poison Heal\n|upkeep\n|turn|71\n|\n|t:|1773171089\n|move|p2a: Gliscor|Facade|p1a: Alomomola\n|-damage|p1a: Alomomola|14/100\n|move|p1a: Alomomola|Flip Turn|p2a: Gliscor\n|-supereffective|p2a: Gliscor\n|-damage|p2a: Gliscor|70/100 tox\n|\n|t:|1773171096\n|switch|p1a: Tapu Koko|Tapu Koko|44/100|[from] Flip Turn\n|-fieldstart|move: Electric Terrain|[from] ability: Electric Surge|[of] p1a: Tapu Koko\n|\n|-heal|p2a: Gliscor|82/100 tox|[from] ability: Poison Heal\n|upkeep\n|turn|72\n|c|☆neo|this specific gliscor set also kinda fcks u over\n|\n|t:|1773171109\n|move|p2a: Gliscor|Protect|p2a: Gliscor\n|-singleturn|p2a: Gliscor|Protect\n|move|p1a: Tapu Koko|Dazzling Gleam|p2a: Gliscor\n|-activate|p2a: Gliscor|move: Protect\n|\n|-heal|p2a: Gliscor|95/100 tox|[from] ability: Poison Heal\n|upkeep\n|turn|73\n|c|☆ImagineHD|nah on gibidi tho\n|\n|t:|1773171119\n|switch|p2a: Clodsire|Clodsire, M|82/100\n|move|p1a: Tapu Koko|Dazzling Gleam|p2a: Clodsire\n|-resisted|p2a: Clodsire\n|-damage|p2a: Clodsire|72/100\n|\n|upkeep\n|turn|74\n|c|☆ImagineHD|so\n|c|☆ImagineHD|b03?\n|c|☆ImagineHD|:uwu:\n|c|☆neo|heheheheheh\n|\n|t:|1773171141\n|switch|p1a: Rillaboom|Rillaboom, F|53/100\n|-fieldstart|move: Grassy Terrain|[from] ability: Grassy Surge|[of] p1a: Rillaboom\n|move|p2a: Clodsire|Spikes|p1a: Rillaboom\n|-sidestart|p1: ImagineHD|Spikes\n|\n|-heal|p1a: Rillaboom|60/100|[from] Grassy Terrain\n|-heal|p2a: Clodsire|79/100|[from] Grassy Terrain\n|upkeep\n|turn|75\n|\n|t:|1773171149\n|switch|p2a: Corviknight|Corviknight, F, shiny|71/100\n|-ability|p2a: Corviknight|Pressure\n|move|p1a: Rillaboom|Superpower|p2a: Corviknight\n|-damage|p2a: Corviknight|43/100\n|-unboost|p1a: Rillaboom|atk|1\n|-unboost|p1a: Rillaboom|def|1\n|\n|-heal|p1a: Rillaboom|66/100|[from] Grassy Terrain\n|upkeep\n|turn|76\n|c|☆ImagineHD|why am i not sd on ts\n|\n|t:|1773171158\n|move|p1a: Rillaboom|U-turn|p2a: Corviknight\n|-resisted|p2a: Corviknight\n|-damage|p2a: Corviknight|40/100\n|c|☆neo|ARE U NOT BAND\n|c|☆ImagineHD|theres negative breaking power\n|c|☆ImagineHD|no\n|c|☆neo|AV?\n|c|☆neo|WTH\n|c|☆ImagineHD|terrain extender\n|c|☆ImagineHD|for glide\n|inactive|ImagineHD has 90 seconds left.\n|c|☆neo|wood hammer? or knock\n|j| elmocapalot\n|c|☆ImagineHD|gulp\n|c|☆ImagineHD|high horse power\n|c|☆neo|feel like u should be knock on this\n|c|☆ImagineHD|i didnt wanna be knock\n|c|☆neo|HIGH\n|c|☆ImagineHD|cuz\n|c|☆neo|HORSE\n|c|☆neo|POWER\n|c|☆ImagineHD|NEO\n|c|☆ImagineHD|POLTERGEIST\n|c|☆neo|:sob:\n|inactive|ImagineHD has 60 seconds left.\n|\n|t:|1773171211\n|switch|p1a: Turtonator|Turtonator, F|57/100|[from] U-turn\n|-damage|p1a: Turtonator|45/100|[from] Spikes\n|move|p2a: Corviknight|Roost|p2a: Corviknight\n|-heal|p2a: Corviknight|90/100\n|-singleturn|p2a: Corviknight|move: Roost\n|\n|-heal|p2a: Corviknight|96/100|[from] Grassy Terrain\n|-heal|p1a: Turtonator|51/100|[from] Grassy Terrain\n|upkeep\n|turn|77\n|\n|t:|1773171218\n|switch|p2a: Gliscor|Gliscor, F, shiny|95/100 tox\n|move|p1a: Turtonator|Rapid Spin|p2a: Gliscor\n|-damage|p2a: Gliscor|90/100 tox\n|-boost|p1a: Turtonator|spe|1\n|-sideend|p1: ImagineHD|Spikes|[from] move: Rapid Spin|[of] p1a: Turtonator\n|\n|-heal|p1a: Turtonator|57/100|[from] Grassy Terrain\n|-heal|p2a: Gliscor|100/100 tox|[from] ability: Poison Heal\n|upkeep\n|turn|78\n|\n|t:|1773171224\n|move|p2a: Gliscor|Swords Dance|p2a: Gliscor\n|-boost|p2a: Gliscor|atk|2\n|move|p1a: Turtonator|Draco Meteor|p2a: Gliscor\n|-damage|p2a: Gliscor|63/100 tox\n|-unboost|p1a: Turtonator|spa|2\n|\n|-heal|p1a: Turtonator|63/100|[from] Grassy Terrain\n|-heal|p2a: Gliscor|75/100 tox|[from] ability: Poison Heal\n|upkeep\n|turn|79\n|c|☆ImagineHD|ELMO\n|c|☆ImagineHD|HELP\n|c|☆ImagineHD|MY LIFE\n|c|☆ImagineHD|DEPENDS\n|c|☆ImagineHD|ON THIS\n|inactive|ImagineHD has 60 seconds left.\n|c| elmocapalot|uhm\n|c| elmocapalot|bye\n|l| elmocapalot\n|c|☆ImagineHD|wtfff\n|c|☆ImagineHD|ah hell nah\n|c|☆ImagineHD|you got that\n|-message|ImagineHD forfeited.\n|\n|win|neo\n|raw|ImagineHD's rating: 1240 &rarr; <strong>1217</strong><br />(-23 for losing)\n|raw|neo's rating: 1081 &rarr; <strong>1134</strong><br />(+53 for winning)\n|c|☆neo|:sob:\n|c|☆ImagineHD|yo\n|c|☆ImagineHD|run back\n|c|☆neo|ermmmmmmmmm\n|c|☆ImagineHD|i wont run ghold\n|c|☆ImagineHD|chill\n|c|☆neo|ima think on it\n|l|☆ImagineHD\n|player|p1|\n|c|☆neo|ima use bathroom\n|c|☆neo|rq\n"}