{"id":"roriashowdown-gen9natdexrcou-1976","p1":"ceiiardoor","p2":"","format":"[Gen 9] NatDex RC OU","uploadtime":1773089228,"log":"|j|☆ceiiardoor\n|j|☆elmocapalot\n|t:|1773088978\n|gametype|singles\n|player|p1|ceiiardoor|olivia|1369\n|player|p2|elmocapalot|waiter-gen4|1129\n|gen|9\n|tier|[Gen 9] NatDex RC OU\n|rated|\n|rule|HP Percentage Mod: HP is shown in percentages\n|rule|Endless Battle Clause: Forcing endless battles is banned\n|rule|Species Clause: Limit one of each Pokémon\n|rule|OHKO Clause: OHKO moves are banned\n|rule|Evasion Clause: Evasion abilities, items, and moves are banned\n|rule|Evasion Abilities Clause: Evasion abilities are banned\n|rule|Evasion Items Clause: Evasion items are banned\n|rule|Evasion Moves Clause: Evasion moves are banned\n|rule|Sleep Clause Mod: Limit one foe put to sleep\n|rule|Terastal Clause: You cannot Terastallize\n|clearpoke\n|poke|p1|Diancie|\n|poke|p1|Ceruledge, M|\n|poke|p1|Great Tusk|\n|poke|p1|Gholdengo|\n|poke|p1|Dragonite, M|\n|poke|p1|Kingambit, M|\n|poke|p2|Walrein, M|\n|poke|p2|Dragalge, M|\n|poke|p2|Great Tusk|\n|poke|p2|Zapdos|\n|poke|p2|Gholdengo|\n|poke|p2|Meganium, M|\n|teampreview\n|inactive|Battle timer is ON: inactive players will automatically lose when time's up. (requested by ceiiardoor)\n|c|☆elmocapalot|dead ladder\n|\n|t:|1773088987\n|teamsize|p1|6\n|teamsize|p2|6\n|start\n|switch|p1a: Dragonite|Dragonite, M|100/100\n|switch|p2a: Gholdengo|Gholdengo|100/100\n|turn|1\n|\n|t:|1773088993\n|switch|p1a: Diancie|Diancie|100/100\n|move|p2a: Gholdengo|Trick||[still]\n|-fail|p2a: Gholdengo\n|\n|upkeep\n|turn|2\n|\n|t:|1773089003\n|switch|p2a: Dragalge|Dragalge, M|100/100\n|detailschange|p1a: Diancie|Diancie-Mega\n|-mega|p1a: Diancie|Diancie|Diancite\n|move|p1a: Diancie|Moonblast|p2a: Dragalge\n|-damage|p2a: Dragalge|70/100\n|\n|upkeep\n|turn|3\n|\n|t:|1773089008\n|detailschange|p2a: Dragalge|Dragalge-Mega, M\n|-mega|p2a: Dragalge|Dragalge|Dragalgite\n|move|p1a: Diancie|Substitute|p1a: Diancie\n|-start|p1a: Diancie|Substitute\n|-damage|p1a: Diancie|76/100\n|move|p2a: Dragalge|Flip Turn|p1a: Diancie\n|-supereffective|p1a: Diancie\n|-activate|p1a: Diancie|move: Substitute|[damage]\n|\n|t:|1773089019\n|switch|p2a: Meganium|Meganium, M|100/100|[from] Flip Turn\n|\n|upkeep\n|turn|4\n|\n|t:|1773089024\n|move|p2a: Meganium|Giga Drain|p1a: Diancie\n|-supereffective|p1a: Diancie\n|-end|p1a: Diancie|Substitute\n|move|p1a: Diancie|Substitute|p1a: Diancie\n|-start|p1a: Diancie|Substitute\n|-damage|p1a: Diancie|51/100\n|\n|upkeep\n|turn|5\n|\n|t:|1773089027\n|move|p2a: Meganium|Giga Drain|p1a: Diancie\n|-supereffective|p1a: Diancie\n|-end|p1a: Diancie|Substitute\n|move|p1a: Diancie|Substitute|p1a: Diancie\n|-start|p1a: Diancie|Substitute\n|-damage|p1a: Diancie|26/100\n|\n|upkeep\n|turn|6\n|\n|t:|1773089029\n|move|p2a: Meganium|Giga Drain|p1a: Diancie\n|-supereffective|p1a: Diancie\n|-end|p1a: Diancie|Substitute\n|move|p1a: Diancie|Substitute|p1a: Diancie\n|-start|p1a: Diancie|Substitute\n|-damage|p1a: Diancie|1/100\n|\n|upkeep\n|turn|7\n|\n|t:|1773089030\n|move|p2a: Meganium|Giga Drain|p1a: Diancie\n|-supereffective|p1a: Diancie\n|-end|p1a: Diancie|Substitute\n|move|p1a: Diancie|Endeavor|p2a: Meganium\n|-damage|p2a: Meganium|1/100\n|\n|upkeep\n|turn|8\n|\n|t:|1773089035\n|switch|p1a: Ceruledge|Ceruledge, M|100/100\n|move|p2a: Meganium|Giga Drain|p1a: Ceruledge\n|-resisted|p1a: Ceruledge\n|-damage|p1a: Ceruledge|79/100\n|-heal|p2a: Meganium|9/100|[from] drain|[of] p1a: Ceruledge\n|\n|upkeep\n|turn|9\n|\n|t:|1773089038\n|switch|p2a: Great Tusk|Great Tusk|100/100\n|move|p1a: Ceruledge|Poltergeist|p2a: Great Tusk\n|-activate|p2a: Great Tusk|move: Poltergeist|Heavy-Duty Boots\n|-damage|p2a: Great Tusk|60/100\n|\n|upkeep\n|turn|10\n|\n|t:|1773089043\n|switch|p1a: Diancie|Diancie-Mega|1/100\n|move|p2a: Great Tusk|Headlong Rush|p1a: Diancie\n|-supereffective|p1a: Diancie\n|-damage|p1a: Diancie|0 fnt\n|-unboost|p2a: Great Tusk|def|1\n|-unboost|p2a: Great Tusk|spd|1\n|faint|p1a: Diancie\n|detailschange|p1: Diancie|Diancie|[silent]\n|\n|upkeep\n|\n|t:|1773089049\n|switch|p1a: Dragonite|Dragonite, M|100/100\n|turn|11\n|inactive|elmocapalot has 120 seconds left.\n|\n|t:|1773089092\n|move|p2a: Great Tusk|Rapid Spin|p1a: Dragonite\n|-damage|p1a: Dragonite|90/100\n|-boost|p2a: Great Tusk|spe|1\n|move|p1a: Dragonite|Dragon Dance|p1a: Dragonite\n|-boost|p1a: Dragonite|atk|1\n|-boost|p1a: Dragonite|spe|1\n|\n|upkeep\n|turn|12\n|\n|t:|1773089101\n|move|p2a: Great Tusk|Ice Spinner|p1a: Dragonite\n|-supereffective|p1a: Dragonite\n|-damage|p1a: Dragonite|0 fnt\n|faint|p1a: Dragonite\n|\n|upkeep\n|c|☆ceiiardoor|Christ you're good\n|\n|t:|1773089117\n|switch|p1a: Ceruledge|Ceruledge, M|79/100\n|turn|13\n|inactive|elmocapalot has 120 seconds left.\n|\n|t:|1773089134\n|-end|p2a: Great Tusk|Protosynthesis|[silent]\n|switch|p2a: Zapdos|Zapdos|100/100\n|move|p1a: Ceruledge|Bitter Blade|p2a: Zapdos\n|-damage|p2a: Zapdos|53/100\n|-heal|p1a: Ceruledge|100/100|[from] drain|[of] p2a: Zapdos\n|\n|upkeep\n|turn|14\n|\n|t:|1773089142\n|switch|p2a: Meganium|Meganium, M|9/100\n|move|p1a: Ceruledge|Swords Dance|p1a: Ceruledge\n|-boost|p1a: Ceruledge|atk|2\n|\n|upkeep\n|turn|15\n|\n|t:|1773089152\n|move|p2a: Meganium|Recover|p2a: Meganium\n|-heal|p2a: Meganium|59/100\n|move|p1a: Ceruledge|Poltergeist|p2a: Meganium\n|-activate|p2a: Meganium|move: Poltergeist|Heavy-Duty Boots\n|-damage|p2a: Meganium|0 fnt\n|faint|p2a: Meganium\n|\n|upkeep\n|\n|t:|1773089156\n|switch|p2a: Gholdengo|Gholdengo|100/100\n|turn|16\n|\n|t:|1773089170\n|move|p2a: Gholdengo|Shadow Ball|p1a: Ceruledge\n|-supereffective|p1a: Ceruledge\n|-damage|p1a: Ceruledge|4/100\n|-unboost|p1a: Ceruledge|spd|1\n|move|p1a: Ceruledge|Bitter Blade|p2a: Gholdengo\n|-supereffective|p2a: Gholdengo\n|-damage|p2a: Gholdengo|0 fnt\n|-heal|p1a: Ceruledge|58/100|[from] drain|[of] p2a: Gholdengo\n|faint|p2a: Gholdengo\n|\n|upkeep\n|c|☆ceiiardoor|YOOO\n|c|☆elmocapalot|what do u feed ur ceru\n|c|☆ceiiardoor|Oatmeal \n|inactive|elmocapalot has 120 seconds left.\n|\n|t:|1773089201\n|switch|p2a: Great Tusk|Great Tusk|60/100\n|turn|17\n|inactive|elmocapalot has 120 seconds left.\n|\n|t:|1773089207\n|move|p1a: Ceruledge|Endure|p1a: Ceruledge\n|-singleturn|p1a: Ceruledge|move: Endure\n|move|p2a: Great Tusk|Headlong Rush|p1a: Ceruledge\n|-supereffective|p1a: Ceruledge\n|-activate|p1a: Ceruledge|move: Endure\n|-damage|p1a: Ceruledge|1/100\n|-unboost|p2a: Great Tusk|def|1\n|-unboost|p2a: Great Tusk|spd|1\n|-ability|p1a: Ceruledge|Weak Armor|boost\n|-unboost|p1a: Ceruledge|def|1\n|-boost|p1a: Ceruledge|spe|2\n|\n|upkeep\n|turn|18\n|\n|t:|1773089211\n|-end|p2a: Great Tusk|Protosynthesis|[silent]\n|switch|p2a: Zapdos|Zapdos|53/100\n|move|p1a: Ceruledge|Bitter Blade|p2a: Zapdos\n|-damage|p2a: Zapdos|0 fnt\n|-heal|p1a: Ceruledge|35/100|[from] drain|[of] p2a: Zapdos\n|faint|p2a: Zapdos\n|\n|upkeep\n|c|☆elmocapalot|ggs\n|\n|t:|1773089217\n|switch|p2a: Dragalge|Dragalge-Mega, M|100/100\n|turn|19\n|\n|t:|1773089220\n|-zpower|p1a: Ceruledge\n|move|p1a: Ceruledge|Never-Ending Nightmare|p2a: Dragalge|[zeffect]\n|-damage|p2a: Dragalge|0 fnt\n|faint|p2a: Dragalge\n|detailschange|p2: Dragalge|Dragalge, M|[silent]\n|\n|upkeep\n|-message|elmocapalot forfeited.\n|\n|win|ceiiardoor\n|raw|ceiiardoor's rating: 1369 &rarr; <strong>1377</strong><br />(+8 for winning)\n|raw|elmocapalot's rating: 1129 &rarr; <strong>1122</strong><br />(-7 for losing)\n|l|☆elmocapalot\n|player|p2|\n"}