{"id":"roriashowdown-gen9customgame-1687","p1":"bhujnirg","p2":"5edrf6tg7yh8ui","format":"[Gen 9] Custom Game","uploadtime":1772913975,"log":"|j|☆bhujnirg\n|j|☆5edrf6tg7yh8ui\n|t:|1772913857\n|gametype|singles\n|player|p1|bhujnirg|jogger|\n|player|p2|5edrf6tg7yh8ui|jogger|\n|gen|9\n|tier|[Gen 9] Custom Game\n|clearpoke\n|poke|p1|Charjabug|\n|poke|p1|Kingambit|\n|poke|p2|Grimmsnarl|\n|poke|p2|Gouging Fire|\n|poke|p2|Magearna|\n|poke|p2|Salamence, M|\n|poke|p2|Kingambit, M|\n|poke|p2|Calyrex-Shadow|\n|teampreview\n|\n|t:|1772913863\n|teamsize|p1|2\n|teamsize|p2|6\n|start\n|switch|p1a: Charjabug|Charjabug|324/324\n|switch|p2a: Grimmsnarl|Grimmsnarl, shiny|394/394\n|turn|1\n|\n|t:|1772913868\n|move|p2a: Grimmsnarl|Spirit Break|p1a: Charjabug\n|-damage|p1a: Charjabug|266/324\n|-unboost|p1a: Charjabug|spa|1\n|move|p1a: Charjabug|Sticky Web|p2a: Grimmsnarl\n|-sidestart|p2: 5edrf6tg7yh8ui|move: Sticky Web\n|\n|upkeep\n|turn|2\n|\n|t:|1772913875\n|switch|p1a: Kingambit|Kingambit|388/388\n|move|p2a: Grimmsnarl|Spirit Break|p1a: Kingambit\n|-damage|p1a: Kingambit|294/388\n|-unboost|p1a: Kingambit|spa|1\n|-ability|p1a: Kingambit|Defiant|boost\n|-boost|p1a: Kingambit|atk|2\n|\n|-heal|p1a: Kingambit|318/388|[from] item: Leftovers\n|upkeep\n|turn|3\n|\n|t:|1772913884\n|move|p1a: Kingambit|Stealth Rock|p2a: Grimmsnarl\n|-sidestart|p2: 5edrf6tg7yh8ui|move: Stealth Rock\n|move|p2a: Grimmsnarl|Spirit Break|p1a: Kingambit\n|-damage|p1a: Kingambit|222/388\n|-unboost|p1a: Kingambit|spa|1\n|-ability|p1a: Kingambit|Defiant|boost\n|-boost|p1a: Kingambit|atk|2\n|\n|-heal|p1a: Kingambit|246/388|[from] item: Leftovers\n|upkeep\n|turn|4\n|\n|t:|1772913893\n|move|p1a: Kingambit|Stealth Rock||[still]\n|-fail|p1a: Kingambit\n|debug|move failed because it did nothing\n|move|p2a: Grimmsnarl|Spirit Break|p1a: Kingambit\n|-damage|p1a: Kingambit|156/388\n|-unboost|p1a: Kingambit|spa|1\n|-ability|p1a: Kingambit|Defiant|boost\n|-boost|p1a: Kingambit|atk|2\n|\n|-heal|p1a: Kingambit|180/388|[from] item: Leftovers\n|upkeep\n|turn|5\n|\n|t:|1772913899\n|move|p1a: Kingambit|Iron Head|p2a: Grimmsnarl\n|-supereffective|p2a: Grimmsnarl\n|-damage|p2a: Grimmsnarl|0 fnt\n|debug|move failed because it did nothing\n|faint|p2a: Grimmsnarl\n|\n|-heal|p1a: Kingambit|204/388|[from] item: Leftovers\n|upkeep\n|\n|t:|1772913904\n|switch|p2a: Gouging Fire|Gouging Fire, shiny|351/351\n|-activate|p2a: Gouging Fire|move: Sticky Web\n|-unboost|p2a: Gouging Fire|spe|1\n|-damage|p2a: Gouging Fire|264/351|[from] Stealth Rock\n|turn|6\n|\n|t:|1772913914\n|move|p1a: Kingambit|Sucker Punch|p2a: Gouging Fire\n|-damage|p2a: Gouging Fire|0 fnt\n|faint|p2a: Gouging Fire\n|-end|p2a: Gouging Fire|Protosynthesis|[silent]\n|\n|-heal|p1a: Kingambit|228/388|[from] item: Leftovers\n|upkeep\n|\n|t:|1772913921\n|switch|p2a: Magearna|Magearna, shiny|364/364\n|-activate|p2a: Magearna|move: Sticky Web\n|-unboost|p2a: Magearna|spe|1\n|-damage|p2a: Magearna|342/364|[from] Stealth Rock\n|turn|7\n|\n|t:|1772913926\n|move|p1a: Kingambit|Iron Head|p2a: Magearna\n|-damage|p2a: Magearna|0 fnt\n|faint|p2a: Magearna\n|\n|-heal|p1a: Kingambit|252/388|[from] item: Leftovers\n|upkeep\n|\n|t:|1772913931\n|switch|p2a: Salamence|Salamence, M, shiny|331/331\n|-damage|p2a: Salamence|249/331|[from] Stealth Rock\n|-ability|p2a: Salamence|Intimidate|boost\n|-unboost|p1a: Kingambit|atk|1\n|-ability|p1a: Kingambit|Defiant|boost\n|-boost|p1a: Kingambit|atk|1\n|turn|8\n|\n|t:|1772913938\n|detailschange|p2a: Salamence|Salamence-Mega, M, shiny\n|-mega|p2a: Salamence|Salamence|Salamencite\n|move|p1a: Kingambit|Sucker Punch|p2a: Salamence\n|-damage|p2a: Salamence|0 fnt\n|faint|p2a: Salamence\n|detailschange|p2: Salamence|Salamence, M, shiny|[silent]\n|\n|-heal|p1a: Kingambit|276/388|[from] item: Leftovers\n|upkeep\n|\n|t:|1772913945\n|switch|p2a: Kingambit|Kingambit, M, shiny|404/404\n|-activate|p2a: Kingambit|move: Sticky Web\n|-unboost|p2a: Kingambit|spe|1\n|-damage|p2a: Kingambit|379/404|[from] Stealth Rock\n|-activate|p2a: Kingambit|ability: Supreme Overlord\n|-start|p2a: Kingambit|fallen4|[silent]\n|turn|9\n|\n|t:|1772913953\n|move|p1a: Kingambit|Brick Break|p2a: Kingambit\n|-supereffective|p2a: Kingambit\n|-damage|p2a: Kingambit|0 fnt\n|faint|p2a: Kingambit\n|-end|p2a: Kingambit|fallen4|[silent]\n|\n|-heal|p1a: Kingambit|300/388|[from] item: Leftovers\n|upkeep\n|\n|t:|1772913959\n|switch|p2a: Calyrex|Calyrex-Shadow, shiny|341/341\n|-ability|p2a: Calyrex|As One\n|-ability|p2a: Calyrex|Unnerve\n|-activate|p2a: Calyrex|move: Sticky Web\n|-unboost|p2a: Calyrex|spe|1\n|-damage|p2a: Calyrex|299/341|[from] Stealth Rock\n|turn|10\n|\n|t:|1772913966\n|move|p1a: Kingambit|Sucker Punch|p2a: Calyrex\n|-supereffective|p2a: Calyrex\n|-damage|p2a: Calyrex|0 fnt\n|faint|p2a: Calyrex\n|\n|win|bhujnirg\n"}