{"id":"roriashowdown-gen9natdexrcou-1612","p1":"","p2":"Tetseni","format":"[Gen 9] NatDex RC OU","uploadtime":1772910530,"log":"|j|☆ShowdownSaga\n|j|☆Tetseni\n|t:|1772910020\n|gametype|singles\n|player|p1|ShowdownSaga|volo|\n|player|p2|Tetseni|1|\n|gen|9\n|tier|[Gen 9] NatDex RC OU\n|rated|Tournament battle\n|rule|HP Percentage Mod: HP is shown in percentages\n|rule|Endless Battle Clause: Forcing endless battles is banned\n|rule|Species Clause: Limit one of each Pokémon\n|rule|OHKO Clause: OHKO moves are banned\n|rule|Evasion Clause: Evasion abilities, items, and moves are banned\n|rule|Evasion Abilities Clause: Evasion abilities are banned\n|rule|Evasion Items Clause: Evasion items are banned\n|rule|Evasion Moves Clause: Evasion moves are banned\n|rule|Sleep Clause Mod: Limit one foe put to sleep\n|rule|Terastal Clause: You cannot Terastallize\n|raw|<div class=\"infobox\"><details class=\"readmore\" open><summary><strong>1 custom rule:</strong></summary> force select = glastrier</details></div>\n|clearpoke\n|poke|p1|Glastrier|\n|poke|p1|Alomomola, M|\n|poke|p1|Moltres|\n|poke|p1|Chesnaught, F|\n|poke|p1|Regieleki|\n|poke|p1|Slowking-Galar, M|\n|poke|p2|Glastrier|\n|poke|p2|Tyranitar, F|\n|poke|p2|Iron Valiant|\n|poke|p2|Moltres|\n|poke|p2|Ferrothorn, F|\n|poke|p2|Alomomola, M|\n|teampreview\n|inactive|Battle timer is ON: inactive players will automatically lose when time's up. (requested by ShowdownSaga)\n|j|@Percy\n|l|@Percy\n|\n|t:|1772910046\n|teamsize|p1|6\n|teamsize|p2|6\n|start\n|switch|p1a: Moltres|Moltres|100/100\n|switch|p2a: Tyranitar|Tyranitar, F|100/100\n|-ability|p2a: Tyranitar|Intimidate|boost\n|-unboost|p1a: Moltres|atk|1\n|turn|1\n|\n|t:|1772910054\n|switch|p1a: Chesnaught|Chesnaught, F|100/100\n|detailschange|p2a: Tyranitar|Tyranitar-Mega, F\n|-mega|p2a: Tyranitar|Tyranitar|Tyranitarite\n|-weather|Sandstorm|[from] ability: Sand Stream|[of] p2a: Tyranitar\n|move|p2a: Tyranitar|Stealth Rock|p1a: Chesnaught\n|-sidestart|p1: ShowdownSaga|move: Stealth Rock\n|\n|-weather|Sandstorm|[upkeep]\n|-damage|p1a: Chesnaught|94/100|[from] Sandstorm\n|upkeep\n|turn|2\n|\n|t:|1772910065\n|switch|p2a: Iron Valiant|Iron Valiant|100/100\n|move|p1a: Chesnaught|Spikes|p2a: Iron Valiant\n|-sidestart|p2: Tetseni|Spikes\n|\n|-weather|Sandstorm|[upkeep]\n|-damage|p2a: Iron Valiant|94/100|[from] Sandstorm\n|-damage|p1a: Chesnaught|88/100|[from] Sandstorm\n|upkeep\n|turn|3\n|\n|t:|1772910070\n|-end|p2a: Iron Valiant|Quark Drive|[silent]\n|switch|p2a: Tyranitar|Tyranitar-Mega, F|100/100\n|-damage|p2a: Tyranitar|88/100|[from] Spikes\n|switch|p1a: Slowking|Slowking-Galar, M|100/100\n|-damage|p1a: Slowking|88/100|[from] Stealth Rock\n|\n|-weather|Sandstorm|[upkeep]\n|-damage|p1a: Slowking|82/100|[from] Sandstorm\n|upkeep\n|turn|4\n|\n|t:|1772910077\n|move|p2a: Tyranitar|Pursuit|p1a: Slowking\n|-supereffective|p1a: Slowking\n|-damage|p1a: Slowking|22/100\n|move|p1a: Slowking|Sludge Bomb|p2a: Tyranitar\n|-resisted|p2a: Tyranitar\n|-damage|p2a: Tyranitar|77/100\n|\n|-weather|Sandstorm|[upkeep]\n|-damage|p1a: Slowking|16/100|[from] Sandstorm\n|upkeep\n|turn|5\n|\n|t:|1772910082\n|move|p2a: Tyranitar|Pursuit|p1a: Slowking\n|-supereffective|p1a: Slowking\n|-damage|p1a: Slowking|0 fnt\n|faint|p1a: Slowking\n|\n|-weather|none\n|upkeep\n|\n|t:|1772910087\n|switch|p1a: Chesnaught|Chesnaught, F|100/100\n|-damage|p1a: Chesnaught|94/100|[from] Stealth Rock\n|turn|6\n|\n|t:|1772910090\n|switch|p2a: Moltres|Moltres|100/100\n|move|p1a: Chesnaught|Spikes|p2a: Moltres\n|-sidestart|p2: Tetseni|Spikes\n|\n|upkeep\n|turn|7\n|\n|t:|1772910096\n|switch|p1a: Regieleki|Regieleki|100/100\n|-damage|p1a: Regieleki|88/100|[from] Stealth Rock\n|move|p2a: Moltres|Defog|p1a: Regieleki\n|-unboost|p1a: Regieleki|evasion|1\n|-sideend|p1: ShowdownSaga|Stealth Rock|[from] move: Defog|[of] p2a: Moltres\n|-sideend|p2: Tetseni|Spikes|[from] move: Defog|[of] p2a: Moltres\n|\n|upkeep\n|turn|8\n|\n|t:|1772910109\n|switch|p1a: Moltres|Moltres|100/100\n|switch|p2a: Glastrier|Glastrier|100/100\n|\n|upkeep\n|turn|9\n|\n|t:|1772910117\n|switch|p2a: Alomomola|Alomomola, M|100/100\n|move|p1a: Moltres|U-turn|p2a: Alomomola\n|-damage|p2a: Alomomola|93/100\n|\n|t:|1772910125\n|switch|p1a: Glastrier|Glastrier|100/100|[from] U-turn\n|\n|upkeep\n|turn|10\n|\n|t:|1772910135\n|move|p2a: Alomomola|Toxic|p1a: Glastrier|[miss]\n|-miss|p2a: Alomomola|p1a: Glastrier\n|move|p1a: Glastrier|Curse|p1a: Glastrier\n|-unboost|p1a: Glastrier|spe|1\n|-boost|p1a: Glastrier|atk|1\n|-boost|p1a: Glastrier|def|1\n|\n|upkeep\n|turn|11\n|\n|t:|1772910142\n|move|p2a: Alomomola|Toxic|p1a: Glastrier\n|-status|p1a: Glastrier|tox\n|move|p1a: Glastrier|High Horsepower|p2a: Alomomola\n|-damage|p2a: Alomomola|45/100\n|\n|-damage|p1a: Glastrier|94/100 tox|[from] psn\n|upkeep\n|turn|12\n|\n|t:|1772910152\n|switch|p2a: Moltres|Moltres|100/100\n|move|p1a: Glastrier|Icicle Crash|p2a: Moltres\n|-damage|p2a: Moltres|46/100\n|\n|-heal|p1a: Glastrier|100/100 tox|[from] item: Leftovers\n|-damage|p1a: Glastrier|88/100 tox|[from] psn\n|upkeep\n|turn|13\n|\n|t:|1772910156\n|switch|p2a: Alomomola|Alomomola, M|79/100\n|move|p1a: Glastrier|Icicle Crash|p2a: Alomomola\n|-resisted|p2a: Alomomola\n|-damage|p2a: Alomomola|57/100\n|\n|-heal|p1a: Glastrier|94/100 tox|[from] item: Leftovers\n|-damage|p1a: Glastrier|76/100 tox|[from] psn\n|upkeep\n|turn|14\n|\n|t:|1772910159\n|move|p2a: Alomomola|Protect|p2a: Alomomola\n|-singleturn|p2a: Alomomola|Protect\n|move|p1a: Glastrier|Curse|p1a: Glastrier\n|-unboost|p1a: Glastrier|spe|1\n|-boost|p1a: Glastrier|atk|1\n|-boost|p1a: Glastrier|def|1\n|\n|-heal|p1a: Glastrier|82/100 tox|[from] item: Leftovers\n|-damage|p1a: Glastrier|58/100 tox|[from] psn\n|upkeep\n|turn|15\n|\n|t:|1772910164\n|move|p2a: Alomomola|Wish|p2a: Alomomola\n|move|p1a: Glastrier|High Horsepower|p2a: Alomomola\n|-damage|p2a: Alomomola|0 fnt\n|faint|p2a: Alomomola\n|-ability|p1a: Glastrier|Chilling Neigh|boost\n|-boost|p1a: Glastrier|atk|1\n|\n|-heal|p1a: Glastrier|64/100 tox|[from] item: Leftovers\n|-damage|p1a: Glastrier|33/100 tox|[from] psn\n|upkeep\n|\n|t:|1772910169\n|switch|p2a: Moltres|Moltres|46/100\n|turn|16\n|\n|t:|1772910173\n|switch|p1a: Alomomola|Alomomola, M|100/100\n|move|p2a: Moltres|Mystical Fire|p1a: Alomomola\n|-resisted|p1a: Alomomola\n|-damage|p1a: Alomomola|86/100\n|-unboost|p1a: Alomomola|spa|1\n|\n|-heal|p2a: Moltres|100/100|[from] move: Wish|[wisher] Alomomola\n|upkeep\n|turn|17\n|\n|t:|1772910188\n|switch|p2a: Ferrothorn|Ferrothorn, F|100/100\n|move|p1a: Alomomola|Flip Turn|p2a: Ferrothorn\n|-resisted|p2a: Ferrothorn\n|-damage|p2a: Ferrothorn|95/100\n|-damage|p1a: Alomomola|74/100|[from] ability: Iron Barbs|[of] p2a: Ferrothorn\n|\n|t:|1772910192\n|switch|p1a: Moltres|Moltres|100/100|[from] Flip Turn\n|\n|-heal|p2a: Ferrothorn|100/100|[from] item: Leftovers\n|upkeep\n|turn|18\n|j| Ashimaru22\n|\n|t:|1772910199\n|switch|p2a: Moltres|Moltres|100/100\n|move|p1a: Moltres|U-turn|p2a: Moltres\n|-resisted|p2a: Moltres\n|-damage|p2a: Moltres|98/100\n|\n|t:|1772910205\n|switch|p1a: Regieleki|Regieleki|88/100|[from] U-turn\n|\n|upkeep\n|turn|19\n|\n|t:|1772910213\n|switch|p2a: Glastrier|Glastrier|100/100\n|move|p1a: Regieleki|Thunderbolt|p2a: Glastrier\n|-immune|p2a: Glastrier\n|\n|upkeep\n|turn|20\n|\n|t:|1772910232\n|switch|p1a: Alomomola|Alomomola, M|100/100\n|switch|p2a: Iron Valiant|Iron Valiant|94/100\n|\n|upkeep\n|turn|21\n|l| Ashimaru22\n|\n|t:|1772910249\n|move|p2a: Iron Valiant|Moonblast|p1a: Alomomola\n|-damage|p1a: Alomomola|36/100\n|-unboost|p1a: Alomomola|spa|1\n|move|p1a: Alomomola|Toxic|p2a: Iron Valiant\n|-status|p2a: Iron Valiant|tox\n|\n|-damage|p2a: Iron Valiant|88/100 tox|[from] psn\n|upkeep\n|turn|22\n|\n|t:|1772910256\n|move|p1a: Alomomola|Protect|p1a: Alomomola\n|-singleturn|p1a: Alomomola|Protect\n|move|p2a: Iron Valiant|Moonblast|p1a: Alomomola\n|-activate|p1a: Alomomola|move: Protect\n|\n|-damage|p2a: Iron Valiant|76/100 tox|[from] psn\n|upkeep\n|turn|23\n|\n|t:|1772910262\n|-end|p2a: Iron Valiant|Quark Drive|[silent]\n|switch|p2a: Tyranitar|Tyranitar-Mega, F|77/100\n|-weather|Sandstorm|[from] ability: Sand Stream|[of] p2a: Tyranitar\n|switch|p1a: Moltres|Moltres|100/100\n|\n|-weather|Sandstorm|[upkeep]\n|-damage|p1a: Moltres|94/100|[from] Sandstorm\n|upkeep\n|turn|24\n|\n|t:|1772910270\n|switch|p1a: Chesnaught|Chesnaught, F|100/100\n|move|p2a: Tyranitar|Stealth Rock|p1a: Chesnaught\n|-sidestart|p1: ShowdownSaga|move: Stealth Rock\n|\n|-weather|Sandstorm|[upkeep]\n|-damage|p1a: Chesnaught|94/100|[from] Sandstorm\n|upkeep\n|turn|25\n|\n|t:|1772910283\n|switch|p2a: Moltres|Moltres|98/100\n|switch|p1a: Alomomola|Alomomola, M|69/100\n|\n|-weather|Sandstorm|[upkeep]\n|-damage|p2a: Moltres|92/100|[from] Sandstorm\n|-damage|p1a: Alomomola|63/100|[from] Sandstorm\n|upkeep\n|turn|26\n|\n|t:|1772910299\n|move|p2a: Moltres|U-turn|p1a: Alomomola\n|-damage|p1a: Alomomola|55/100\n|\n|t:|1772910309\n|switch|p2a: Ferrothorn|Ferrothorn, F|100/100|[from] U-turn\n|move|p1a: Alomomola|Toxic|p2a: Ferrothorn\n|-immune|p2a: Ferrothorn\n|\n|-weather|Sandstorm|[upkeep]\n|-damage|p1a: Alomomola|48/100|[from] Sandstorm\n|upkeep\n|turn|27\n|\n|t:|1772910317\n|move|p1a: Alomomola|Wish|p1a: Alomomola\n|move|p2a: Ferrothorn|Thunder Wave|p1a: Alomomola\n|-status|p1a: Alomomola|par\n|\n|-weather|none\n|upkeep\n|turn|28\n|\n|t:|1772910332\n|switch|p1a: Glastrier|Glastrier|33/100 tox\n|-damage|p1a: Glastrier|21/100 tox|[from] Stealth Rock\n|move|p2a: Ferrothorn|Leech Seed|p1a: Glastrier\n|-start|p1a: Glastrier|move: Leech Seed\n|\n|-heal|p1a: Glastrier|76/100 tox|[from] move: Wish|[wisher] Alomomola\n|-heal|p1a: Glastrier|82/100 tox|[from] item: Leftovers\n|-damage|p1a: Glastrier|70/100 tox|[from] Leech Seed|[of] p2a: Ferrothorn\n|-damage|p1a: Glastrier|64/100 tox|[from] psn\n|upkeep\n|turn|29\n|\n|t:|1772910339\n|switch|p1a: Moltres|Moltres|94/100\n|switch|p2a: Moltres|Moltres|92/100\n|\n|upkeep\n|turn|30\n|\n|t:|1772910344\n|move|p1a: Moltres|Defog|p2a: Moltres\n|-unboost|p2a: Moltres|evasion|1\n|-sideend|p1: ShowdownSaga|Stealth Rock|[from] move: Defog|[of] p1a: Moltres\n|move|p2a: Moltres|Mystical Fire|p1a: Moltres\n|-resisted|p1a: Moltres\n|-damage|p1a: Moltres|84/100\n|-unboost|p1a: Moltres|spa|1\n|\n|upkeep\n|turn|31\n|\n|t:|1772910351\n|move|p1a: Moltres|Roost|p1a: Moltres\n|-heal|p1a: Moltres|100/100\n|-singleturn|p1a: Moltres|move: Roost\n|move|p2a: Moltres|U-turn|p1a: Moltres\n|-resisted|p1a: Moltres\n|-damage|p1a: Moltres|94/100\n|\n|t:|1772910354\n|switch|p2a: Tyranitar|Tyranitar-Mega, F|77/100|[from] U-turn\n|-weather|Sandstorm|[from] ability: Sand Stream|[of] p2a: Tyranitar\n|\n|-weather|Sandstorm|[upkeep]\n|-damage|p1a: Moltres|88/100|[from] Sandstorm\n|upkeep\n|turn|32\n|\n|t:|1772910361\n|switch|p1a: Chesnaught|Chesnaught, F|100/100\n|move|p2a: Tyranitar|Stone Edge|p1a: Chesnaught\n|-resisted|p1a: Chesnaught\n|-damage|p1a: Chesnaught|80/100\n|\n|-weather|Sandstorm|[upkeep]\n|-damage|p1a: Chesnaught|74/100|[from] Sandstorm\n|upkeep\n|turn|33\n|\n|t:|1772910369\n|move|p2a: Tyranitar|Knock Off|p1a: Chesnaught\n|-resisted|p1a: Chesnaught\n|-damage|p1a: Chesnaught|56/100\n|-damage|p2a: Tyranitar|60/100|[from] item: Rocky Helmet|[of] p1a: Chesnaught\n|-enditem|p1a: Chesnaught|Rocky Helmet|[from] move: Knock Off|[of] p2a: Tyranitar\n|move|p1a: Chesnaught|Body Press|p2a: Tyranitar\n|-supereffective|p2a: Tyranitar\n|-damage|p2a: Tyranitar|0 fnt\n|faint|p2a: Tyranitar\n|detailschange|p2: Tyranitar|Tyranitar, F|[silent]\n|\n|-weather|Sandstorm|[upkeep]\n|-damage|p1a: Chesnaught|50/100|[from] Sandstorm\n|upkeep\n|\n|t:|1772910373\n|switch|p2a: Iron Valiant|Iron Valiant|76/100 tox\n|turn|34\n|\n|t:|1772910379\n|switch|p1a: Alomomola|Alomomola, M|82/100 par\n|move|p2a: Iron Valiant|Thunderbolt|p1a: Alomomola\n|-supereffective|p1a: Alomomola\n|-damage|p1a: Alomomola|4/100 par\n|\n|-weather|Sandstorm|[upkeep]\n|-damage|p2a: Iron Valiant|69/100 tox|[from] Sandstorm\n|-damage|p1a: Alomomola|0 fnt|[from] Sandstorm\n|faint|p1a: Alomomola\n|-damage|p2a: Iron Valiant|63/100 tox|[from] psn\n|upkeep\n|\n|t:|1772910387\n|switch|p1a: Chesnaught|Chesnaught, F|83/100\n|turn|35\n|\n|t:|1772910397\n|-end|p2a: Iron Valiant|Quark Drive|[silent]\n|switch|p2a: Moltres|Moltres|92/100\n|switch|p1a: Glastrier|Glastrier|64/100 tox\n|\n|-weather|none\n|-heal|p1a: Glastrier|70/100 tox|[from] item: Leftovers\n|-damage|p1a: Glastrier|64/100 tox|[from] psn\n|upkeep\n|turn|36\n|\n|t:|1772910407\n|switch|p1a: Moltres|Moltres|88/100\n|move|p2a: Moltres|Mystical Fire|p1a: Moltres\n|-resisted|p1a: Moltres\n|-damage|p1a: Moltres|76/100\n|-unboost|p1a: Moltres|spa|1\n|\n|upkeep\n|turn|37\n|\n|t:|1772910410\n|move|p1a: Moltres|U-turn|p2a: Moltres\n|-resisted|p2a: Moltres\n|-damage|p2a: Moltres|89/100\n|\n|t:|1772910416\n|switch|p1a: Regieleki|Regieleki|88/100|[from] U-turn\n|move|p2a: Moltres|U-turn|p1a: Regieleki\n|-damage|p1a: Regieleki|59/100\n|\n|t:|1772910443\n|switch|p2a: Glastrier|Glastrier|100/100|[from] U-turn\n|\n|upkeep\n|turn|38\n|\n|t:|1772910459\n|switch|p1a: Moltres|Moltres|76/100\n|move|p2a: Glastrier|Icicle Crash|p1a: Moltres\n|-damage|p1a: Moltres|37/100\n|\n|upkeep\n|turn|39\n|\n|t:|1772910467\n|switch|p2a: Moltres|Moltres|89/100\n|move|p1a: Moltres|Roost|p1a: Moltres\n|-heal|p1a: Moltres|87/100\n|-singleturn|p1a: Moltres|move: Roost\n|\n|upkeep\n|turn|40\n|\n|t:|1772910471\n|move|p1a: Moltres|U-turn|p2a: Moltres\n|-resisted|p2a: Moltres\n|-damage|p2a: Moltres|87/100\n|\n|t:|1772910478\n|switch|p1a: Chesnaught|Chesnaught, F|100/100|[from] U-turn\n|move|p2a: Moltres|U-turn|p1a: Chesnaught\n|-damage|p1a: Chesnaught|92/100\n|\n|t:|1772910492\n|switch|p2a: Iron Valiant|Iron Valiant|63/100 tox|[from] U-turn\n|\n|-damage|p2a: Iron Valiant|57/100 tox|[from] psn\n|upkeep\n|turn|41\n|\n|t:|1772910498\n|move|p2a: Iron Valiant|Moonblast|p1a: Chesnaught\n|-supereffective|p1a: Chesnaught\n|-damage|p1a: Chesnaught|0 fnt\n|faint|p1a: Chesnaught\n|\n|-damage|p2a: Iron Valiant|44/100 tox|[from] psn\n|upkeep\n|\n|t:|1772910510\n|switch|p1a: Regieleki|Regieleki|59/100\n|turn|42\n|\n|t:|1772910523\n|-end|p2a: Iron Valiant|Quark Drive|[silent]\n|switch|p2a: Glastrier|Glastrier|100/100\n|move|p1a: Regieleki|Hidden Power|p2a: Glastrier\n|-damage|p2a: Glastrier|91/100\n|\n|upkeep\n|turn|43\n|-message|ShowdownSaga forfeited.\n|\n|win|Tetseni\n|n|☆ShowdownSaga|showdownsaga\n|n|☆Tetseni|tetseni\n|l|☆ShowdownSaga\n|player|p1|\n"}