{"id":"roriashowdown-gen9natdexrcou-1834","p1":"","p2":"movo","format":"[Gen 9] NatDex RC OU","uploadtime":1773075775,"log":"|j|☆ImagineHD\n|j|☆movo\n|t:|1773075287\n|gametype|singles\n|player|p1|ImagineHD|101|1248\n|player|p2|movo|169|1047\n|gen|9\n|tier|[Gen 9] NatDex RC OU\n|rated|\n|rule|HP Percentage Mod: HP is shown in percentages\n|rule|Endless Battle Clause: Forcing endless battles is banned\n|rule|Species Clause: Limit one of each Pokémon\n|rule|OHKO Clause: OHKO moves are banned\n|rule|Evasion Clause: Evasion abilities, items, and moves are banned\n|rule|Evasion Abilities Clause: Evasion abilities are banned\n|rule|Evasion Items Clause: Evasion items are banned\n|rule|Evasion Moves Clause: Evasion moves are banned\n|rule|Sleep Clause Mod: Limit one foe put to sleep\n|rule|Terastal Clause: You cannot Terastallize\n|clearpoke\n|poke|p1|Typhlosion, F|\n|poke|p1|Wigglytuff, M|\n|poke|p1|Flygon, M|\n|poke|p1|Torkoal, F|\n|poke|p1|Great Tusk|\n|poke|p1|Lilligant, F|\n|poke|p2|Charizard, M|\n|poke|p2|Great Tusk|\n|poke|p2|Hatterene, F|\n|poke|p2|Raging Bolt|\n|poke|p2|Alomomola, M|\n|poke|p2|Kingambit, M|\n|teampreview\n|inactive|Battle timer is ON: inactive players will automatically lose when time's up. (requested by ImagineHD)\n|inactive|movo has 120 seconds left.\n|\n|t:|1773075325\n|teamsize|p1|6\n|teamsize|p2|6\n|start\n|switch|p1a: Flygon|Flygon, M|100/100\n|switch|p2a: Hatterene|Hatterene, F|100/100\n|turn|1\n|\n|t:|1773075330\n|move|p1a: Flygon|U-turn|p2a: Hatterene\n|-damage|p2a: Hatterene|84/100\n|-enditem|p2a: Hatterene|Eject Button\n|\n|t:|1773075345\n|switch|p2a: Great Tusk|Great Tusk|100/100\n|\n|upkeep\n|turn|2\n|\n|t:|1773075350\n|move|p1a: Flygon|U-turn|p2a: Great Tusk\n|-resisted|p2a: Great Tusk\n|-damage|p2a: Great Tusk|89/100\n|\n|t:|1773075352\n|switch|p1a: Torkoal|Torkoal, F|100/100|[from] U-turn\n|-weather|SunnyDay|[from] ability: Drought|[of] p1a: Torkoal\n|-activate|p2a: Great Tusk|ability: Protosynthesis\n|-start|p2a: Great Tusk|protosynthesisspe\n|move|p2a: Great Tusk|Stealth Rock|p1a: Torkoal\n|-sidestart|p1: ImagineHD|move: Stealth Rock\n|\n|-weather|SunnyDay|[upkeep]\n|upkeep\n|turn|3\n|\n|t:|1773075377\n|-end|p2a: Great Tusk|Protosynthesis|[silent]\n|switch|p2a: Raging Bolt|Raging Bolt|100/100\n|-activate|p2a: Raging Bolt|ability: Protosynthesis\n|-start|p2a: Raging Bolt|protosynthesisspa\n|switch|p1a: Lilligant|Lilligant, F|100/100\n|-damage|p1a: Lilligant|88/100|[from] Stealth Rock\n|\n|-weather|SunnyDay|[upkeep]\n|upkeep\n|turn|4\n|\n|t:|1773075386\n|move|p1a: Lilligant|Moonblast|p2a: Raging Bolt\n|-supereffective|p2a: Raging Bolt\n|-damage|p2a: Raging Bolt|0 fnt\n|faint|p2a: Raging Bolt\n|-end|p2a: Raging Bolt|Protosynthesis|[silent]\n|-damage|p1a: Lilligant|78/100|[from] item: Life Orb\n|\n|-weather|SunnyDay|[upkeep]\n|upkeep\n|\n|t:|1773075394\n|switch|p2a: Hatterene|Hatterene, F|84/100\n|turn|5\n|\n|t:|1773075400\n|switch|p1a: Wigglytuff|Wigglytuff, M|100/100\n|-damage|p1a: Wigglytuff|88/100|[from] Stealth Rock\n|move|p2a: Hatterene|Nuzzle|p1a: Wigglytuff\n|-damage|p1a: Wigglytuff|86/100\n|-status|p1a: Wigglytuff|par\n|-enditem|p1a: Wigglytuff|Eject Button\n|\n|t:|1773075405\n|switch|p1a: Typhlosion|Typhlosion, F|100/100\n|-damage|p1a: Typhlosion|76/100|[from] Stealth Rock\n|\n|-weather|SunnyDay|[upkeep]\n|upkeep\n|turn|6\n|\n|t:|1773075412\n|switch|p2a: Alomomola|Alomomola, M|100/100\n|move|p1a: Typhlosion|Eruption|p2a: Alomomola\n|-resisted|p2a: Alomomola\n|-damage|p2a: Alomomola|71/100\n|\n|-weather|SunnyDay|[upkeep]\n|upkeep\n|turn|7\n|\n|t:|1773075428\n|switch|p1a: Wigglytuff|Wigglytuff, M|86/100 par\n|-damage|p1a: Wigglytuff|73/100 par|[from] Stealth Rock\n|move|p2a: Alomomola|Flip Turn|p1a: Wigglytuff\n|-damage|p1a: Wigglytuff|69/100 par\n|\n|t:|1773075440\n|switch|p2a: Kingambit|Kingambit, M|100/100|[from] Flip Turn\n|-activate|p2a: Kingambit|ability: Supreme Overlord\n|-start|p2a: Kingambit|fallen1|[silent]\n|\n|-weather|SunnyDay|[upkeep]\n|upkeep\n|turn|8\n|j| eleckkk\n|\n|t:|1773075464\n|move|p2a: Kingambit|Iron Head|p1a: Wigglytuff\n|-supereffective|p1a: Wigglytuff\n|-damage|p1a: Wigglytuff|7/100 par\n|move|p1a: Wigglytuff|Encore|p2a: Kingambit\n|-start|p2a: Kingambit|Encore\n|\n|-weather|SunnyDay|[upkeep]\n|upkeep\n|turn|9\n|\n|t:|1773075471\n|move|p2a: Kingambit|Iron Head|p1a: Wigglytuff\n|-supereffective|p1a: Wigglytuff\n|-damage|p1a: Wigglytuff|0 fnt\n|faint|p1a: Wigglytuff\n|\n|-weather|none\n|upkeep\n|\n|t:|1773075479\n|switch|p1a: Torkoal|Torkoal, F|100/100\n|-damage|p1a: Torkoal|76/100|[from] Stealth Rock\n|-weather|SunnyDay|[from] ability: Drought|[of] p1a: Torkoal\n|turn|10\n|\n|t:|1773075490\n|-end|p2a: Kingambit|fallen1|[silent]\n|switch|p2a: Hatterene|Hatterene, F|84/100\n|move|p1a: Torkoal|Rapid Spin|p2a: Hatterene\n|-damage|p2a: Hatterene|76/100\n|-boost|p1a: Torkoal|spe|1\n|-sideend|p1: ImagineHD|Stealth Rock|[from] move: Rapid Spin|[of] p1a: Torkoal\n|\n|-weather|SunnyDay|[upkeep]\n|upkeep\n|turn|11\n|\n|t:|1773075497\n|switch|p1a: Great Tusk|Great Tusk|100/100\n|-activate|p1a: Great Tusk|ability: Protosynthesis\n|-start|p1a: Great Tusk|protosynthesisatk\n|move|p2a: Hatterene|Psychic Noise|p1a: Great Tusk\n|-supereffective|p1a: Great Tusk\n|-damage|p1a: Great Tusk|0 fnt\n|faint|p1a: Great Tusk\n|-end|p1a: Great Tusk|Protosynthesis|[silent]\n|\n|-weather|SunnyDay|[upkeep]\n|upkeep\n|\n|t:|1773075506\n|switch|p1a: Lilligant|Lilligant, F|78/100\n|turn|12\n|\n|t:|1773075516\n|move|p1a: Lilligant|Moonblast|p2a: Hatterene\n|-damage|p2a: Hatterene|6/100\n|-unboost|p2a: Hatterene|spa|1\n|-damage|p1a: Lilligant|68/100|[from] item: Life Orb\n|move|p2a: Hatterene|Nuzzle|p1a: Lilligant\n|-resisted|p1a: Lilligant\n|-damage|p1a: Lilligant|65/100\n|-status|p1a: Lilligant|par\n|\n|-weather|SunnyDay|[upkeep]\n|upkeep\n|turn|13\n|\n|t:|1773075534\n|move|p1a: Lilligant|Giga Drain|p2a: Hatterene\n|-damage|p2a: Hatterene|0 fnt\n|-heal|p1a: Lilligant|69/100 par|[from] drain|[of] p2a: Hatterene\n|faint|p2a: Hatterene\n|-damage|p1a: Lilligant|59/100 par|[from] item: Life Orb\n|\n|-weather|SunnyDay|[upkeep]\n|upkeep\n|\n|t:|1773075541\n|switch|p2a: Charizard|Charizard, M|100/100\n|turn|14\n|inactive|ImagineHD has 120 seconds left.\n|\n|t:|1773075574\n|switch|p1a: Torkoal|Torkoal, F|76/100\n|detailschange|p2a: Charizard|Charizard-Mega-Y, M\n|-mega|p2a: Charizard|Charizard|Charizardite Y\n|move|p2a: Charizard|Weather Ball|p1a: Torkoal\n|-resisted|p1a: Torkoal\n|-damage|p1a: Torkoal|15/100\n|\n|-weather|SunnyDay|[upkeep]\n|upkeep\n|turn|15\n|\n|t:|1773075587\n|move|p2a: Charizard|Weather Ball|p1a: Torkoal\n|-resisted|p1a: Torkoal\n|-damage|p1a: Torkoal|0 fnt\n|faint|p1a: Torkoal\n|\n|-weather|SunnyDay|[upkeep]\n|upkeep\n|\n|t:|1773075590\n|switch|p1a: Flygon|Flygon, M|100/100\n|turn|16\n|\n|t:|1773075609\n|switch|p2a: Great Tusk|Great Tusk|89/100\n|-activate|p2a: Great Tusk|ability: Protosynthesis\n|-start|p2a: Great Tusk|protosynthesisspe\n|move|p1a: Flygon|U-turn|p2a: Great Tusk\n|-resisted|p2a: Great Tusk\n|-damage|p2a: Great Tusk|77/100\n|\n|t:|1773075614\n|switch|p1a: Lilligant|Lilligant, F|59/100 par|[from] U-turn\n|\n|-weather|SunnyDay|[upkeep]\n|upkeep\n|turn|17\n|\n|t:|1773075629\n|-end|p2a: Great Tusk|Protosynthesis|[silent]\n|switch|p2a: Kingambit|Kingambit, M|100/100\n|-activate|p2a: Kingambit|ability: Supreme Overlord\n|-start|p2a: Kingambit|fallen2|[silent]\n|move|p1a: Lilligant|Giga Drain|p2a: Kingambit\n|-resisted|p2a: Kingambit\n|-damage|p2a: Kingambit|74/100\n|-heal|p1a: Lilligant|77/100 par|[from] drain|[of] p2a: Kingambit\n|-damage|p1a: Lilligant|68/100 par|[from] item: Life Orb\n|\n|-weather|none\n|upkeep\n|turn|18\n|\n|t:|1773075656\n|move|p1a: Lilligant|Moonblast|p2a: Kingambit\n|-damage|p2a: Kingambit|15/100\n|-damage|p1a: Lilligant|58/100 par|[from] item: Life Orb\n|move|p2a: Kingambit|Iron Head|p1a: Lilligant\n|-supereffective|p1a: Lilligant\n|-damage|p1a: Lilligant|0 fnt\n|faint|p1a: Lilligant\n|\n|upkeep\n|\n|t:|1773075660\n|switch|p1a: Typhlosion|Typhlosion, F|76/100\n|turn|19\n|\n|t:|1773075669\n|move|p2a: Kingambit|Sucker Punch|p1a: Typhlosion\n|-damage|p1a: Typhlosion|0 fnt\n|faint|p1a: Typhlosion\n|\n|upkeep\n|-message|ImagineHD forfeited.\n|\n|win|movo\n|raw|ImagineHD's rating: 1248 &rarr; <strong>1224</strong><br />(-24 for losing)\n|raw|movo's rating: 1047 &rarr; <strong>1108</strong><br />(+61 for winning)\n|l|☆ImagineHD\n|player|p1|\n|l| eleckkk\n"}