{"id":"roriashowdown-gen9natdexrcou-1634","p1":"","p2":"Tetseni","format":"[Gen 9] NatDex RC OU","uploadtime":1772911157,"log":"|j|☆Ashimaru22\n|j|☆Tetseni\n|t:|1772910580\n|gametype|singles\n|player|p1|Ashimaru22|169|\n|player|p2|Tetseni|1|\n|gen|9\n|tier|[Gen 9] NatDex RC OU\n|rated|Tournament battle\n|rule|HP Percentage Mod: HP is shown in percentages\n|rule|Endless Battle Clause: Forcing endless battles is banned\n|rule|Species Clause: Limit one of each Pokémon\n|rule|OHKO Clause: OHKO moves are banned\n|rule|Evasion Clause: Evasion abilities, items, and moves are banned\n|rule|Evasion Abilities Clause: Evasion abilities are banned\n|rule|Evasion Items Clause: Evasion items are banned\n|rule|Evasion Moves Clause: Evasion moves are banned\n|rule|Sleep Clause Mod: Limit one foe put to sleep\n|rule|Terastal Clause: You cannot Terastallize\n|raw|<div class=\"infobox\"><details class=\"readmore\" open><summary><strong>1 custom rule:</strong></summary> force select = glastrier</details></div>\n|clearpoke\n|poke|p1|Great Tusk|\n|poke|p1|Kingambit, F|\n|poke|p1|Gholdengo|\n|poke|p1|Glastrier|\n|poke|p1|Cresselia, F|\n|poke|p1|Iron Valiant|\n|poke|p2|Glastrier|\n|poke|p2|Tyranitar, F|\n|poke|p2|Iron Valiant|\n|poke|p2|Moltres|\n|poke|p2|Ferrothorn, M|\n|poke|p2|Alomomola, F|\n|teampreview\n|c|☆Ashimaru22|im finished\n|n|☆Tetseni|tetseni\n|c|☆Tetseni|yay i can talk now\n|c|☆Tetseni|blud who do u lead with\n|\n|t:|1772910646\n|teamsize|p1|6\n|teamsize|p2|6\n|start\n|switch|p1a: Cresselia|Cresselia, F|100/100\n|switch|p2a: Alomomola|Alomomola, F|100/100\n|turn|1\n|\n|t:|1772910652\n|move|p2a: Alomomola|Flip Turn|p1a: Cresselia\n|-damage|p1a: Cresselia|90/100\n|\n|t:|1772910655\n|switch|p2a: Tyranitar|Tyranitar, F|100/100|[from] Flip Turn\n|-ability|p2a: Tyranitar|Intimidate|boost\n|-unboost|p1a: Cresselia|atk|1\n|move|p1a: Cresselia|Trick Room|p1a: Cresselia\n|-fieldstart|move: Trick Room|[of] p1a: Cresselia\n|\n|-heal|p1a: Cresselia|96/100|[from] item: Leftovers\n|upkeep\n|turn|2\n|c|☆Ashimaru22|mega ttar dang\n|c|☆Tetseni|gg trick room\n|c|☆Tetseni|does this get focus blast\n|c|☆Ashimaru22|i aint got a clue\n|\n|t:|1772910685\n|-activate|p1a: Cresselia|move: Pursuit\n|detailschange|p2a: Tyranitar|Tyranitar-Mega, F\n|-mega|p2a: Tyranitar|Tyranitar|Tyranitarite\n|-weather|Sandstorm|[from] ability: Sand Stream|[of] p2a: Tyranitar\n|move|p2a: Tyranitar|Pursuit|p1a: Cresselia|[from] Pursuit\n|-supereffective|p1a: Cresselia\n|-damage|p1a: Cresselia|22/100\n|switch|p1a: Glastrier|Glastrier|100/100\n|\n|-weather|Sandstorm|[upkeep]\n|upkeep\n|turn|3\n|\n|t:|1772910699\n|switch|p2a: Alomomola|Alomomola, F|100/100\n|move|p1a: Glastrier|Icicle Spear|p2a: Alomomola\n|-resisted|p2a: Alomomola\n|-damage|p2a: Alomomola|96/100\n|-resisted|p2a: Alomomola\n|-damage|p2a: Alomomola|92/100\n|-resisted|p2a: Alomomola\n|-damage|p2a: Alomomola|87/100\n|-resisted|p2a: Alomomola\n|-damage|p2a: Alomomola|83/100\n|-hitcount|p2a: Alomomola|4\n|\n|-weather|Sandstorm|[upkeep]\n|-damage|p2a: Alomomola|77/100|[from] Sandstorm\n|upkeep\n|turn|4\n|c|☆Ashimaru22|i hope i outspeed ngl\n|\n|t:|1772910712\n|move|p1a: Glastrier|Protect|p1a: Glastrier\n|-singleturn|p1a: Glastrier|Protect\n|move|p2a: Alomomola|Flip Turn|p1a: Glastrier\n|-activate|p1a: Glastrier|move: Protect\n|\n|-weather|Sandstorm|[upkeep]\n|-damage|p2a: Alomomola|71/100|[from] Sandstorm\n|upkeep\n|turn|5\n|\n|t:|1772910720\n|move|p1a: Glastrier|Close Combat|p2a: Alomomola\n|-damage|p2a: Alomomola|43/100\n|-unboost|p1a: Glastrier|def|1\n|-unboost|p1a: Glastrier|spd|1\n|move|p2a: Alomomola|Toxic|p1a: Glastrier\n|-status|p1a: Glastrier|tox\n|\n|-weather|Sandstorm|[upkeep]\n|-damage|p2a: Alomomola|37/100|[from] Sandstorm\n|-damage|p1a: Glastrier|94/100 tox|[from] psn\n|-fieldend|move: Trick Room\n|upkeep\n|turn|6\n|c|☆Ashimaru22|nah toxic again\n|\n|t:|1772910732\n|switch|p2a: Moltres|Moltres|100/100\n|move|p1a: Glastrier|Protect||[still]\n|-fail|p1a: Glastrier\n|\n|-weather|none\n|-damage|p1a: Glastrier|82/100 tox|[from] psn\n|upkeep\n|turn|7\n|c|☆Ashimaru22|gg ref\n|\n|t:|1772910745\n|move|p2a: Moltres|U-turn|p1a: Glastrier\n|-damage|p1a: Glastrier|67/100 tox\n|\n|t:|1772910749\n|switch|p2a: Alomomola|Alomomola, F|71/100|[from] U-turn\n|move|p1a: Glastrier|Close Combat|p2a: Alomomola\n|-damage|p2a: Alomomola|45/100\n|-unboost|p1a: Glastrier|def|1\n|-unboost|p1a: Glastrier|spd|1\n|\n|-damage|p1a: Glastrier|48/100 tox|[from] psn\n|upkeep\n|turn|8\n|\n|t:|1772910757\n|move|p1a: Glastrier|Protect|p1a: Glastrier\n|-singleturn|p1a: Glastrier|Protect\n|move|p2a: Alomomola|Wish|p2a: Alomomola\n|\n|-damage|p1a: Glastrier|24/100 tox|[from] psn\n|upkeep\n|turn|9\n|\n|t:|1772910762\n|move|p2a: Alomomola|Protect|p2a: Alomomola\n|-singleturn|p2a: Alomomola|Protect\n|move|p1a: Glastrier|Close Combat|p2a: Alomomola\n|-activate|p2a: Alomomola|move: Protect\n|\n|-heal|p2a: Alomomola|95/100|[from] move: Wish|[wisher] Alomomola\n|-damage|p1a: Glastrier|0 fnt|[from] psn\n|faint|p1a: Glastrier\n|upkeep\n|c|☆Tetseni|gholdengo so cary\n|c|☆Tetseni|scary\n|c|☆Ashimaru22|stall mon of doom\n|\n|t:|1772910773\n|switch|p1a: Iron Valiant|Iron Valiant|100/100\n|-enditem|p1a: Iron Valiant|Booster Energy\n|-activate|p1a: Iron Valiant|ability: Quark Drive|[fromitem]\n|-start|p1a: Iron Valiant|quarkdrivespe\n|turn|10\n|c|☆Tetseni|pls leak ur dengo set\n|c|☆Tetseni|actually wait this is a bigger problem\n|c|☆Ashimaru22|gng this team is from google ai im ngl\n|c|☆Tetseni|bro?\n|c|☆Tetseni|:skull:\n|c|☆Ashimaru22|idk how to make teams\n|c|☆Ashimaru22|i just enjoy battling fr\n|c|☆Tetseni|no bro this val finna make me lose a mon\n|c|☆Tetseni|i have to be very strategic now\n|c|☆Ashimaru22|maybe\n|\n|t:|1772910819\n|switch|p2a: Ferrothorn|Ferrothorn, M|100/100\n|move|p1a: Iron Valiant|Thunderbolt|p2a: Ferrothorn\n|-resisted|p2a: Ferrothorn\n|-damage|p2a: Ferrothorn|91/100\n|\n|-heal|p2a: Ferrothorn|97/100|[from] item: Leftovers\n|upkeep\n|turn|11\n|c|☆Ashimaru22|grass steel dang\n|\n|t:|1772910841\n|switch|p2a: Moltres|Moltres|100/100\n|move|p1a: Iron Valiant|Close Combat|p2a: Moltres\n|-resisted|p2a: Moltres\n|-damage|p2a: Moltres|81/100\n|-unboost|p1a: Iron Valiant|def|1\n|-unboost|p1a: Iron Valiant|spd|1\n|\n|upkeep\n|turn|12\n|\n|t:|1772910854\n|switch|p2a: Glastrier|Glastrier|100/100\n|move|p1a: Iron Valiant|Thunderbolt|p2a: Glastrier\n|-immune|p2a: Glastrier\n|\n|upkeep\n|turn|13\n|c|☆Ashimaru22|faking me\n|\n|t:|1772910867\n|-end|p1a: Iron Valiant|Quark Drive|[silent]\n|switch|p1a: Cresselia|Cresselia, F|22/100\n|move|p2a: Glastrier|Icicle Crash|p1a: Cresselia\n|-damage|p1a: Cresselia|0 fnt\n|faint|p1a: Cresselia\n|-ability|p2a: Glastrier|Chilling Neigh|boost\n|-boost|p2a: Glastrier|atk|1\n|\n|upkeep\n|\n|t:|1772910884\n|switch|p1a: Gholdengo|Gholdengo|100/100\n|turn|14\n|c|☆Ashimaru22| wait no teras??\n|c|☆Ashimaru22|crtap\n|c|☆Tetseni|big dengo\n|c|☆Tetseni|i survive one hit\n|c|☆Tetseni|unless ur specs\n|\n|t:|1772910910\n|move|p1a: Gholdengo|Focus Blast|p2a: Glastrier\n|-supereffective|p2a: Glastrier\n|-damage|p2a: Glastrier|51/100\n|move|p2a: Glastrier|High Horsepower|p1a: Gholdengo\n|-supereffective|p1a: Gholdengo\n|-damage|p1a: Gholdengo|0 fnt\n|faint|p1a: Gholdengo\n|-ability|p2a: Glastrier|Chilling Neigh|boost\n|-boost|p2a: Glastrier|atk|1\n|\n|upkeep\n|c|☆Ashimaru22|nah im scarfed...\n|c|☆Tetseni|oh wow\n|c|☆Ashimaru22|i forgot to spec it instead of scarf\n|\n|t:|1772910923\n|switch|p1a: Iron Valiant|Iron Valiant|100/100\n|turn|15\n|c|☆Ashimaru22|im finished\n|c|☆Ashimaru22|3 v 6 \n|\n|t:|1772910943\n|move|p1a: Iron Valiant|Moonblast|p2a: Glastrier\n|-crit|p2a: Glastrier\n|-damage|p2a: Glastrier|16/100\n|-unboost|p2a: Glastrier|spa|1\n|move|p2a: Glastrier|Icicle Crash|p1a: Iron Valiant\n|-damage|p1a: Iron Valiant|0 fnt\n|faint|p1a: Iron Valiant\n|-end|p1a: Iron Valiant|Quark Drive|[silent]\n|-ability|p2a: Glastrier|Chilling Neigh|boost\n|-boost|p2a: Glastrier|atk|1\n|\n|upkeep\n|c|☆Tetseni|glastrier so strong wow\n|c|☆Ashimaru22|HUHHHH\n|c|☆Tetseni|didnt think id kill\n|\n|t:|1772910956\n|switch|p1a: Great Tusk|Great Tusk|100/100\n|turn|16\n|c|☆Ashimaru22|same\n|\n|t:|1772910963\n|switch|p2a: Alomomola|Alomomola, F|100/100\n|move|p1a: Great Tusk|Earthquake|p2a: Alomomola\n|-damage|p2a: Alomomola|77/100\n|\n|upkeep\n|turn|17\n|\n|t:|1772910971\n|move|p1a: Great Tusk|Rapid Spin|p2a: Alomomola\n|-damage|p2a: Alomomola|70/100\n|-boost|p1a: Great Tusk|spe|1\n|move|p2a: Alomomola|Flip Turn|p1a: Great Tusk\n|-supereffective|p1a: Great Tusk\n|-damage|p1a: Great Tusk|83/100\n|\n|t:|1772910977\n|switch|p2a: Iron Valiant|Iron Valiant|100/100|[from] Flip Turn\n|\n|-heal|p1a: Great Tusk|90/100|[from] item: Leftovers\n|upkeep\n|turn|18\n|\n|t:|1772910984\n|-end|p2a: Iron Valiant|Quark Drive|[silent]\n|switch|p2a: Moltres|Moltres|81/100\n|move|p1a: Great Tusk|Earthquake|p2a: Moltres\n|-immune|p2a: Moltres\n|\n|-heal|p1a: Great Tusk|96/100|[from] item: Leftovers\n|upkeep\n|turn|19\n|c|☆Ashimaru22|...\n|c|☆Ashimaru22|im stupid as dang\n|j| Ginxui\n|\n|t:|1772910994\n|switch|p2a: Alomomola|Alomomola, F|100/100\n|move|p1a: Great Tusk|Knock Off|p2a: Alomomola\n|-damage|p2a: Alomomola|87/100\n|-enditem|p2a: Alomomola|Heavy-Duty Boots|[from] move: Knock Off|[of] p1a: Great Tusk\n|\n|-heal|p1a: Great Tusk|100/100|[from] item: Leftovers\n|upkeep\n|turn|20\n|\n|t:|1772911001\n|move|p1a: Great Tusk|Rapid Spin|p2a: Alomomola\n|-crit|p2a: Alomomola\n|-damage|p2a: Alomomola|75/100\n|-boost|p1a: Great Tusk|spe|1\n|move|p2a: Alomomola|Toxic|p1a: Great Tusk\n|-status|p1a: Great Tusk|tox\n|\n|-damage|p1a: Great Tusk|94/100 tox|[from] psn\n|upkeep\n|turn|21\n|\n|t:|1772911010\n|move|p1a: Great Tusk|Stealth Rock|p2a: Alomomola\n|-sidestart|p2: Tetseni|move: Stealth Rock\n|move|p2a: Alomomola|Wish|p2a: Alomomola\n|\n|-heal|p1a: Great Tusk|100/100 tox|[from] item: Leftovers\n|-damage|p1a: Great Tusk|88/100 tox|[from] psn\n|upkeep\n|turn|22\n|\n|t:|1772911030\n|move|p1a: Great Tusk|Knock Off|p2a: Alomomola\n|-damage|p2a: Alomomola|64/100\n|move|p2a: Alomomola|Flip Turn|p1a: Great Tusk\n|-supereffective|p1a: Great Tusk\n|-damage|p1a: Great Tusk|72/100 tox\n|\n|t:|1772911032\n|switch|p2a: Glastrier|Glastrier|16/100|[from] Flip Turn\n|\n|-heal|p2a: Glastrier|79/100|[from] move: Wish|[wisher] Alomomola\n|-heal|p1a: Great Tusk|79/100 tox|[from] item: Leftovers\n|-damage|p1a: Great Tusk|60/100 tox|[from] psn\n|upkeep\n|turn|23\n|c|☆Ashimaru22|ay rah\n|\n|t:|1772911049\n|switch|p2a: Moltres|Moltres|81/100\n|move|p1a: Great Tusk|Knock Off|p2a: Moltres\n|-damage|p2a: Moltres|63/100\n|-enditem|p2a: Moltres|Heavy-Duty Boots|[from] move: Knock Off|[of] p1a: Great Tusk\n|\n|-heal|p1a: Great Tusk|66/100 tox|[from] item: Leftovers\n|-damage|p1a: Great Tusk|41/100 tox|[from] psn\n|upkeep\n|turn|24\n|\n|t:|1772911062\n|move|p1a: Great Tusk|Rapid Spin|p2a: Moltres\n|-damage|p2a: Moltres|53/100\n|-boost|p1a: Great Tusk|spe|1\n|move|p2a: Moltres|Roost|p2a: Moltres\n|-heal|p2a: Moltres|100/100\n|-singleturn|p2a: Moltres|move: Roost\n|\n|-heal|p1a: Great Tusk|48/100 tox|[from] item: Leftovers\n|-damage|p1a: Great Tusk|16/100 tox|[from] psn\n|upkeep\n|turn|25\n|\n|t:|1772911071\n|move|p1a: Great Tusk|Earthquake|p2a: Moltres\n|-immune|p2a: Moltres\n|move|p2a: Moltres|Roost||[still]\n|-fail|p2a: Moltres|heal\n|\n|-heal|p1a: Great Tusk|23/100 tox|[from] item: Leftovers\n|-damage|p1a: Great Tusk|0 fnt|[from] psn\n|faint|p1a: Great Tusk\n|-end|p1a: Great Tusk|Protosynthesis|[silent]\n|upkeep\n|c|☆Ashimaru22|huh but roost removes the flying typing right?\n|\n|t:|1772911088\n|switch|p1a: Kingambit|Kingambit, F|100/100\n|-activate|p1a: Kingambit|ability: Supreme Overlord\n|-start|p1a: Kingambit|fallen5|[silent]\n|turn|26\n|c|☆Tetseni|yes\n|c|☆Tetseni|but u went ahead of me\n|c|☆Ashimaru22|did i?\n|c|☆Ashimaru22|shi\n|c|☆Tetseni|it removes it for 1 turn\n|\n|t:|1772911106\n|move|p2a: Moltres|Mystical Fire|p1a: Kingambit\n|-supereffective|p1a: Kingambit\n|-damage|p1a: Kingambit|35/100\n|-unboost|p1a: Kingambit|spa|1\n|move|p1a: Kingambit|Kowtow Cleave|p2a: Moltres\n|-damage|p2a: Moltres|43/100\n|\n|upkeep\n|turn|27\n|c|☆Tetseni|GG\n|c|☆Ashimaru22|gg\n|\n|t:|1772911119\n|move|p1a: Kingambit|Sucker Punch|p2a: Moltres\n|-damage|p2a: Moltres|0 fnt\n|-status|p1a: Kingambit|brn|[from] ability: Flame Body|[of] p2a: Moltres\n|faint|p2a: Moltres\n|\n|-damage|p1a: Kingambit|29/100 brn|[from] brn\n|upkeep\n|\n|t:|1772911122\n|switch|p2a: Iron Valiant|Iron Valiant|100/100\n|-damage|p2a: Iron Valiant|94/100|[from] Stealth Rock\n|turn|28\n|\n|t:|1772911130\n|move|p2a: Iron Valiant|Vacuum Wave|p1a: Kingambit\n|-supereffective|p1a: Kingambit\n|-damage|p1a: Kingambit|0 fnt\n|faint|p1a: Kingambit\n|-end|p1a: Kingambit|fallen5|[silent]\n|\n|win|Tetseni\n|n|☆Ashimaru22|ashimaru22\n|n|☆Tetseni|tetseni\n|n| Ginxui|ginxui\n|c|☆Ashimaru22|gg gng\n|c|☆Ashimaru22|never using google ai again\n|l|☆Ashimaru22\n|player|p1|\n"}