{"id":"roriashowdown-gen9natdexrcou-1849","p1":"","p2":"rommurerm","format":"[Gen 9] NatDex RC OU","uploadtime":1773077616,"log":"|j|☆sasquatchsiralt6\n|j|☆rommurerm\n|t:|1773076974\n|gametype|singles\n|player|p1|sasquatchsiralt6|102|1072\n|player|p2|rommurerm|170|1000\n|gen|9\n|tier|[Gen 9] NatDex RC OU\n|rated|\n|rule|HP Percentage Mod: HP is shown in percentages\n|rule|Endless Battle Clause: Forcing endless battles is banned\n|rule|Species Clause: Limit one of each Pokémon\n|rule|OHKO Clause: OHKO moves are banned\n|rule|Evasion Clause: Evasion abilities, items, and moves are banned\n|rule|Evasion Abilities Clause: Evasion abilities are banned\n|rule|Evasion Items Clause: Evasion items are banned\n|rule|Evasion Moves Clause: Evasion moves are banned\n|rule|Sleep Clause Mod: Limit one foe put to sleep\n|rule|Terastal Clause: You cannot Terastallize\n|clearpoke\n|poke|p1|Latias, F|\n|poke|p1|Slowbro, M|\n|poke|p1|Buzzwole|\n|poke|p1|Celesteela|\n|poke|p1|Tyranitar, F|\n|poke|p1|Excadrill, M|\n|poke|p2|Flygon, M|\n|poke|p2|Ceruledge, F|\n|poke|p2|Heatran, F|\n|poke|p2|Charizard, M|\n|poke|p2|Talonflame, F|\n|poke|p2|Lilligant, F|\n|teampreview\n|c|☆sasquatchsiralt6|Glhd\n|c|☆rommurerm|glhf\n|\n|t:|1773076990\n|teamsize|p1|6\n|teamsize|p2|6\n|start\n|switch|p1a: Tyranitar|Tyranitar, F|100/100\n|switch|p2a: Lilligant|Lilligant, F, shiny|100/100\n|-weather|Sandstorm|[from] ability: Sand Stream|[of] p1a: Tyranitar\n|turn|1\n|\n|t:|1773077001\n|switch|p1a: Excadrill|Excadrill, M|100/100\n|-item|p1a: Excadrill|Air Balloon\n|move|p2a: Lilligant|Quiver Dance|p2a: Lilligant\n|-boost|p2a: Lilligant|spa|1\n|-boost|p2a: Lilligant|spd|1\n|-boost|p2a: Lilligant|spe|1\n|\n|-weather|Sandstorm|[upkeep]\n|-damage|p2a: Lilligant|94/100|[from] Sandstorm\n|-heal|p2a: Lilligant|100/100|[from] item: Leftovers\n|upkeep\n|turn|2\n|\n|t:|1773077009\n|move|p1a: Excadrill|Iron Head|p2a: Lilligant\n|-supereffective|p2a: Lilligant\n|-damage|p2a: Lilligant|5/100\n|move|p2a: Lilligant|Giga Drain|p1a: Excadrill\n|-damage|p1a: Excadrill|24/100\n|-heal|p2a: Lilligant|48/100|[from] drain|[of] p1a: Excadrill\n|-enditem|p1a: Excadrill|Air Balloon\n|\n|-weather|Sandstorm|[upkeep]\n|-damage|p2a: Lilligant|42/100|[from] Sandstorm\n|-heal|p2a: Lilligant|48/100|[from] item: Leftovers\n|upkeep\n|turn|3\n|\n|t:|1773077027\n|switch|p2a: Ceruledge|Ceruledge, F|100/100\n|move|p1a: Excadrill|Iron Head|p2a: Ceruledge\n|-resisted|p2a: Ceruledge\n|-damage|p2a: Ceruledge|71/100\n|-ability|p2a: Ceruledge|Weak Armor|boost\n|-unboost|p2a: Ceruledge|def|1\n|-boost|p2a: Ceruledge|spe|2\n|\n|-weather|Sandstorm|[upkeep]\n|-damage|p2a: Ceruledge|64/100|[from] Sandstorm\n|upkeep\n|turn|4\n|\n|t:|1773077038\n|move|p1a: Excadrill|Earthquake|p2a: Ceruledge\n|-supereffective|p2a: Ceruledge\n|-damage|p2a: Ceruledge|0 fnt\n|faint|p2a: Ceruledge\n|\n|-weather|Sandstorm|[upkeep]\n|upkeep\n|\n|t:|1773077045\n|switch|p2a: Charizard|Charizard, M|100/100\n|turn|5\n|\n|t:|1773077056\n|switch|p1a: Latias|Latias, F|100/100\n|detailschange|p2a: Charizard|Charizard-Mega-Y, M\n|-mega|p2a: Charizard|Charizard|Charizardite Y\n|-weather|SunnyDay|[from] ability: Drought|[of] p2a: Charizard\n|move|p2a: Charizard|Solar Beam||[still]\n|-prepare|p2a: Charizard|Solar Beam\n|-anim|p2a: Charizard|Solar Beam|p1a: Latias\n|-resisted|p1a: Latias\n|-damage|p1a: Latias|80/100\n|\n|-weather|SunnyDay|[upkeep]\n|upkeep\n|turn|6\n|\n|t:|1773077076\n|detailschange|p1a: Latias|Latias-Mega, F\n|-mega|p1a: Latias|Latias|Latiasite\n|move|p1a: Latias|Psychic|p2a: Charizard\n|-damage|p2a: Charizard|50/100\n|move|p2a: Charizard|Air Slash|p1a: Latias\n|-damage|p1a: Latias|43/100\n|\n|-weather|SunnyDay|[upkeep]\n|upkeep\n|turn|7\n|\n|t:|1773077083\n|switch|p2a: Heatran|Heatran, F|100/100\n|move|p1a: Latias|Roost|p1a: Latias\n|-heal|p1a: Latias|93/100\n|-singleturn|p1a: Latias|move: Roost\n|\n|-weather|SunnyDay|[upkeep]\n|upkeep\n|turn|8\n|\n|t:|1773077089\n|switch|p1a: Tyranitar|Tyranitar, F|100/100\n|-weather|Sandstorm|[from] ability: Sand Stream|[of] p1a: Tyranitar\n|move|p2a: Heatran|Stealth Rock|p1a: Tyranitar\n|-sidestart|p1: sasquatchsiralt6|move: Stealth Rock\n|\n|-weather|Sandstorm|[upkeep]\n|upkeep\n|turn|9\n|\n|t:|1773077096\n|switch|p2a: Flygon|Flygon, M|100/100\n|move|p1a: Tyranitar|Stealth Rock|p2a: Flygon\n|-sidestart|p2: rommurerm|move: Stealth Rock\n|\n|-weather|Sandstorm|[upkeep]\n|upkeep\n|turn|10\n|\n|t:|1773077111\n|move|p2a: Flygon|Bug Buzz|p1a: Tyranitar\n|-supereffective|p1a: Tyranitar\n|-damage|p1a: Tyranitar|62/100\n|-enditem|p2a: Flygon|Throat Spray\n|-boost|p2a: Flygon|spa|1|[from] item: Throat Spray\n|move|p1a: Tyranitar|Knock Off|p2a: Flygon\n|-damage|p2a: Flygon|51/100\n|\n|-weather|Sandstorm|[upkeep]\n|-heal|p1a: Tyranitar|68/100|[from] item: Leftovers\n|upkeep\n|turn|11\n|\n|t:|1773077127\n|move|p2a: Flygon|Bug Buzz|p1a: Tyranitar\n|-supereffective|p1a: Tyranitar\n|-damage|p1a: Tyranitar|13/100\n|-unboost|p1a: Tyranitar|spd|1\n|move|p1a: Tyranitar|Knock Off|p2a: Flygon\n|-damage|p2a: Flygon|6/100\n|\n|-weather|Sandstorm|[upkeep]\n|-heal|p1a: Tyranitar|20/100|[from] item: Leftovers\n|upkeep\n|turn|12\n|\n|t:|1773077139\n|move|p2a: Flygon|Clanging Scales|p1a: Tyranitar\n|-damage|p1a: Tyranitar|0 fnt\n|faint|p1a: Tyranitar\n|-unboost|p2a: Flygon|def|1\n|\n|-weather|none\n|upkeep\n|\n|t:|1773077155\n|switch|p1a: Celesteela|Celesteela|100/100\n|-damage|p1a: Celesteela|88/100|[from] Stealth Rock\n|turn|13\n|\n|t:|1773077161\n|move|p1a: Celesteela|Protect|p1a: Celesteela\n|-singleturn|p1a: Celesteela|Protect\n|move|p2a: Flygon|Clanging Scales|p1a: Celesteela\n|-activate|p1a: Celesteela|move: Protect\n|\n|-heal|p1a: Celesteela|94/100|[from] item: Leftovers\n|upkeep\n|turn|14\n|\n|t:|1773077167\n|move|p2a: Flygon|Clanging Scales|p1a: Celesteela\n|-resisted|p1a: Celesteela\n|-damage|p1a: Celesteela|44/100\n|-unboost|p2a: Flygon|def|1\n|move|p1a: Celesteela|Heavy Slam|p2a: Flygon\n|-damage|p2a: Flygon|0 fnt\n|faint|p2a: Flygon\n|-ability|p1a: Celesteela|Beast Boost|boost\n|-boost|p1a: Celesteela|spd|1\n|\n|-heal|p1a: Celesteela|50/100|[from] item: Leftovers\n|upkeep\n|\n|t:|1773077174\n|switch|p2a: Talonflame|Talonflame, F|100/100\n|turn|15\n|\n|t:|1773077178\n|switch|p1a: Slowbro|Slowbro, M|100/100\n|move|p2a: Talonflame|Defog|p1a: Slowbro\n|-unboost|p1a: Slowbro|evasion|1\n|-sideend|p1: sasquatchsiralt6|Stealth Rock|[from] move: Defog|[of] p2a: Talonflame\n|-sideend|p2: rommurerm|Stealth Rock|[from] move: Defog|[of] p2a: Talonflame\n|\n|upkeep\n|turn|16\n|\n|t:|1773077188\n|switch|p2a: Charizard|Charizard-Mega-Y, M|50/100\n|-weather|SunnyDay|[from] ability: Drought|[of] p2a: Charizard\n|move|p1a: Slowbro|Thunder Wave|p2a: Charizard\n|-status|p2a: Charizard|par\n|\n|-weather|SunnyDay|[upkeep]\n|upkeep\n|turn|17\n|\n|t:|1773077198\n|switch|p1a: Latias|Latias-Mega, F|93/100\n|move|p2a: Charizard|Roost|p2a: Charizard\n|-heal|p2a: Charizard|100/100 par\n|-singleturn|p2a: Charizard|move: Roost\n|\n|-weather|SunnyDay|[upkeep]\n|upkeep\n|turn|18\n|\n|t:|1773077204\n|switch|p2a: Heatran|Heatran, F|100/100\n|move|p1a: Latias|Psychic|p2a: Heatran\n|-resisted|p2a: Heatran\n|-damage|p2a: Heatran|83/100\n|\n|-weather|SunnyDay|[upkeep]\n|-heal|p2a: Heatran|89/100|[from] item: Leftovers\n|upkeep\n|turn|19\n|\n|t:|1773077212\n|switch|p1a: Celesteela|Celesteela|50/100\n|move|p2a: Heatran|Toxic|p1a: Celesteela|[miss]\n|-miss|p2a: Heatran|p1a: Celesteela\n|\n|-weather|SunnyDay|[upkeep]\n|-heal|p2a: Heatran|96/100|[from] item: Leftovers\n|-heal|p1a: Celesteela|56/100|[from] item: Leftovers\n|upkeep\n|turn|20\n|c|☆rommurerm|2 times i miss toxic btw\n|c|☆rommurerm|not in this game but yk\n|\n|t:|1773077239\n|move|p1a: Celesteela|Protect|p1a: Celesteela\n|-singleturn|p1a: Celesteela|Protect\n|move|p2a: Heatran|Magma Storm|p1a: Celesteela\n|-activate|p1a: Celesteela|move: Protect\n|\n|-weather|none\n|-heal|p2a: Heatran|100/100|[from] item: Leftovers\n|-heal|p1a: Celesteela|62/100|[from] item: Leftovers\n|upkeep\n|turn|21\n|\n|t:|1773077254\n|switch|p1a: Slowbro|Slowbro, M|100/100\n|move|p2a: Heatran|Stealth Rock|p1a: Slowbro\n|-sidestart|p1: sasquatchsiralt6|move: Stealth Rock\n|\n|upkeep\n|turn|22\n|\n|t:|1773077276\n|move|p2a: Heatran|Toxic|p1a: Slowbro\n|-status|p1a: Slowbro|tox\n|move|p1a: Slowbro|Scald|p2a: Heatran\n|-supereffective|p2a: Heatran\n|-damage|p2a: Heatran|60/100\n|\n|-heal|p2a: Heatran|66/100|[from] item: Leftovers\n|-damage|p1a: Slowbro|94/100 tox|[from] psn\n|upkeep\n|turn|23\n|\n|t:|1773077292\n|switch|p2a: Charizard|Charizard-Mega-Y, M|100/100 par\n|-weather|SunnyDay|[from] ability: Drought|[of] p2a: Charizard\n|move|p1a: Slowbro|Thunder Wave|p2a: Charizard\n|-fail|p2a: Charizard|par\n|\n|-weather|SunnyDay|[upkeep]\n|-damage|p1a: Slowbro|82/100 tox|[from] psn\n|upkeep\n|turn|24\n|\n|t:|1773077295\n|switch|p2a: Lilligant|Lilligant, F, shiny|48/100\n|switch|p1a: Latias|Latias-Mega, F|93/100\n|-damage|p1a: Latias|81/100|[from] Stealth Rock\n|\n|-weather|SunnyDay|[upkeep]\n|-heal|p2a: Lilligant|54/100|[from] item: Leftovers\n|upkeep\n|turn|25\n|\n|t:|1773077298\n|move|p2a: Lilligant|Quiver Dance|p2a: Lilligant\n|-boost|p2a: Lilligant|spa|1\n|-boost|p2a: Lilligant|spd|1\n|-boost|p2a: Lilligant|spe|1\n|move|p1a: Latias|Mystical Fire|p2a: Lilligant\n|-supereffective|p2a: Lilligant\n|-damage|p2a: Lilligant|0 fnt\n|faint|p2a: Lilligant\n|\n|-weather|SunnyDay|[upkeep]\n|upkeep\n|c|☆rommurerm|ah\n|\n|t:|1773077308\n|switch|p2a: Charizard|Charizard-Mega-Y, M|100/100 par\n|turn|26\n|\n|t:|1773077311\n|move|p1a: Latias|Psychic|p2a: Charizard\n|-crit|p2a: Charizard\n|-damage|p2a: Charizard|29/100 par\n|cant|p2a: Charizard|par\n|\n|-weather|SunnyDay|[upkeep]\n|upkeep\n|turn|27\n|\n|t:|1773077324\n|switch|p2a: Heatran|Heatran, F|66/100\n|move|p1a: Latias|Psychic|p2a: Heatran\n|-resisted|p2a: Heatran\n|-damage|p2a: Heatran|48/100\n|\n|-weather|none\n|-heal|p2a: Heatran|54/100|[from] item: Leftovers\n|upkeep\n|turn|28\n|\n|t:|1773077332\n|switch|p1a: Slowbro|Slowbro, M|100/100 tox\n|move|p2a: Heatran|Magma Storm|p1a: Slowbro\n|-resisted|p1a: Slowbro\n|-damage|p1a: Slowbro|79/100 tox\n|-activate|p1a: Slowbro|move: Magma Storm|[of] p2a: Heatran\n|\n|-heal|p2a: Heatran|61/100|[from] item: Leftovers\n|-damage|p1a: Slowbro|73/100 tox|[from] psn\n|-damage|p1a: Slowbro|61/100 tox|[from] move: Magma Storm|[partiallytrapped]\n|upkeep\n|turn|29\n|\n|t:|1773077335\n|move|p2a: Heatran|Earth Power|p1a: Slowbro\n|-damage|p1a: Slowbro|35/100 tox\n|move|p1a: Slowbro|Thunder Wave|p2a: Heatran\n|-status|p2a: Heatran|par\n|\n|-heal|p2a: Heatran|67/100 par|[from] item: Leftovers\n|-damage|p1a: Slowbro|23/100 tox|[from] psn\n|-damage|p1a: Slowbro|10/100 tox|[from] move: Magma Storm|[partiallytrapped]\n|upkeep\n|turn|30\n|\n|t:|1773077342\n|cant|p2a: Heatran|par\n|move|p1a: Slowbro|Teleport|p1a: Slowbro\n|\n|t:|1773077345\n|switch|p1a: Buzzwole|Buzzwole|100/100|[from] Teleport\n|-damage|p1a: Buzzwole|88/100|[from] Stealth Rock\n|\n|-heal|p2a: Heatran|73/100 par|[from] item: Leftovers\n|upkeep\n|turn|31\n|c|☆rommurerm|okay bro\n|\n|t:|1773077357\n|switch|p2a: Charizard|Charizard-Mega-Y, M|29/100 par\n|-weather|SunnyDay|[from] ability: Drought|[of] p2a: Charizard\n|move|p1a: Buzzwole|Close Combat|p2a: Charizard\n|-resisted|p2a: Charizard\n|-damage|p2a: Charizard|0 fnt\n|-unboost|p1a: Buzzwole|def|1\n|-unboost|p1a: Buzzwole|spd|1\n|faint|p2a: Charizard\n|detailschange|p2: Charizard|Charizard, M|[silent]\n|-ability|p1a: Buzzwole|Beast Boost|boost\n|-boost|p1a: Buzzwole|atk|1\n|\n|-weather|SunnyDay|[upkeep]\n|upkeep\n|\n|t:|1773077361\n|switch|p2a: Talonflame|Talonflame, F|100/100\n|turn|32\n|\n|t:|1773077382\n|move|p2a: Talonflame|Brave Bird|p1a: Buzzwole\n|-supereffective|p1a: Buzzwole\n|-damage|p1a: Buzzwole|0 fnt\n|faint|p1a: Buzzwole\n|-damage|p2a: Talonflame|64/100|[from] Recoil\n|\n|-weather|SunnyDay|[upkeep]\n|upkeep\n|\n|t:|1773077389\n|switch|p1a: Slowbro|Slowbro, M|43/100 tox\n|turn|33\n|\n|t:|1773077394\n|switch|p2a: Heatran|Heatran, F|73/100 par\n|move|p1a: Slowbro|Scald|p2a: Heatran\n|-supereffective|p2a: Heatran\n|-damage|p2a: Heatran|54/100 par\n|\n|-weather|SunnyDay|[upkeep]\n|-heal|p2a: Heatran|60/100 par|[from] item: Leftovers\n|-damage|p1a: Slowbro|37/100 tox|[from] psn\n|upkeep\n|turn|34\n|\n|t:|1773077402\n|switch|p1a: Celesteela|Celesteela|62/100\n|-damage|p1a: Celesteela|50/100|[from] Stealth Rock\n|cant|p2a: Heatran|par\n|\n|-weather|SunnyDay|[upkeep]\n|-heal|p1a: Celesteela|56/100|[from] item: Leftovers\n|-heal|p2a: Heatran|66/100 par|[from] item: Leftovers\n|upkeep\n|turn|35\n|c|☆rommurerm|BRO\n|\n|t:|1773077427\n|move|p1a: Celesteela|Leech Seed|p2a: Heatran\n|-start|p2a: Heatran|move: Leech Seed\n|move|p2a: Heatran|Magma Storm|p1a: Celesteela\n|-supereffective|p1a: Celesteela\n|-damage|p1a: Celesteela|0 fnt\n|faint|p1a: Celesteela\n|\n|-weather|none\n|-heal|p2a: Heatran|73/100 par|[from] item: Leftovers\n|upkeep\n|\n|t:|1773077435\n|switch|p1a: Excadrill|Excadrill, M|24/100\n|-damage|p1a: Excadrill|21/100|[from] Stealth Rock\n|turn|36\n|\n|t:|1773077442\n|switch|p2a: Talonflame|Talonflame, F|64/100\n|move|p1a: Excadrill|Rapid Spin|p2a: Talonflame\n|-damage|p2a: Talonflame|36/100\n|-boost|p1a: Excadrill|spe|1\n|-sideend|p1: sasquatchsiralt6|Stealth Rock|[from] move: Rapid Spin|[of] p1a: Excadrill\n|\n|upkeep\n|turn|37\n|\n|t:|1773077456\n|move|p1a: Excadrill|Iron Head|p2a: Talonflame\n|-resisted|p2a: Talonflame\n|-damage|p2a: Talonflame|2/100\n|move|p2a: Talonflame|Brave Bird|p1a: Excadrill\n|-resisted|p1a: Excadrill\n|-damage|p1a: Excadrill|0 fnt\n|faint|p1a: Excadrill\n|-damage|p2a: Talonflame|0 fnt|[from] Recoil\n|faint|p2a: Talonflame\n|\n|upkeep\n|\n|t:|1773077462\n|switch|p2a: Heatran|Heatran, F|73/100 par\n|switch|p1a: Slowbro|Slowbro, M|71/100 tox\n|turn|38\n|\n|t:|1773077479\n|move|p2a: Heatran|Magma Storm|p1a: Slowbro\n|-resisted|p1a: Slowbro\n|-damage|p1a: Slowbro|49/100 tox\n|-activate|p1a: Slowbro|move: Magma Storm|[of] p2a: Heatran\n|move|p1a: Slowbro|Scald|p2a: Heatran\n|-supereffective|p2a: Heatran\n|-damage|p2a: Heatran|35/100 par\n|\n|-heal|p2a: Heatran|41/100 par|[from] item: Leftovers\n|-damage|p1a: Slowbro|43/100 tox|[from] psn\n|-damage|p1a: Slowbro|31/100 tox|[from] move: Magma Storm|[partiallytrapped]\n|upkeep\n|turn|39\n|\n|t:|1773077483\n|move|p2a: Heatran|Earth Power|p1a: Slowbro\n|-damage|p1a: Slowbro|4/100 tox\n|-unboost|p1a: Slowbro|spd|1\n|move|p1a: Slowbro|Teleport|p1a: Slowbro\n|\n|t:|1773077485\n|switch|p1a: Latias|Latias-Mega, F|81/100|[from] Teleport\n|\n|-heal|p2a: Heatran|48/100 par|[from] item: Leftovers\n|upkeep\n|turn|40\n|c|☆rommurerm|ggs\n|\n|t:|1773077494\n|switch|p1a: Slowbro|Slowbro, M|37/100 tox\n|move|p2a: Heatran|Magma Storm|p1a: Slowbro\n|-resisted|p1a: Slowbro\n|-damage|p1a: Slowbro|14/100 tox\n|-activate|p1a: Slowbro|move: Magma Storm|[of] p2a: Heatran\n|\n|-heal|p2a: Heatran|54/100 par|[from] item: Leftovers\n|-damage|p1a: Slowbro|8/100 tox|[from] psn\n|-damage|p1a: Slowbro|0 fnt|[from] move: Magma Storm|[partiallytrapped]\n|faint|p1a: Slowbro\n|upkeep\n|\n|t:|1773077507\n|switch|p1a: Latias|Latias-Mega, F|81/100\n|turn|41\n|\n|t:|1773077509\n|move|p1a: Latias|Psychic|p2a: Heatran\n|-resisted|p2a: Heatran\n|-damage|p2a: Heatran|37/100 par\n|move|p2a: Heatran|Magma Storm|p1a: Latias\n|-resisted|p1a: Latias\n|-damage|p1a: Latias|64/100\n|-activate|p1a: Latias|move: Magma Storm|[of] p2a: Heatran\n|\n|-heal|p2a: Heatran|43/100 par|[from] item: Leftovers\n|-damage|p1a: Latias|52/100|[from] move: Magma Storm|[partiallytrapped]\n|upkeep\n|turn|42\n|\n|t:|1773077518\n|move|p1a: Latias|Roost|p1a: Latias\n|-heal|p1a: Latias|100/100\n|-singleturn|p1a: Latias|move: Roost\n|move|p2a: Heatran|Toxic|p1a: Latias\n|-status|p1a: Latias|tox\n|\n|-heal|p2a: Heatran|49/100 par|[from] item: Leftovers\n|-damage|p1a: Latias|95/100 tox|[from] psn\n|-damage|p1a: Latias|82/100 tox|[from] move: Magma Storm|[partiallytrapped]\n|upkeep\n|turn|43\n|\n|t:|1773077544\n|move|p1a: Latias|Psychic|p2a: Heatran\n|-resisted|p2a: Heatran\n|-damage|p2a: Heatran|30/100 par\n|move|p2a: Heatran|Magma Storm|p1a: Latias\n|-resisted|p1a: Latias\n|-damage|p1a: Latias|66/100 tox\n|\n|-heal|p2a: Heatran|37/100 par|[from] item: Leftovers\n|-damage|p1a: Latias|54/100 tox|[from] psn\n|-damage|p1a: Latias|42/100 tox|[from] move: Magma Storm|[partiallytrapped]\n|upkeep\n|turn|44\n|\n|t:|1773077557\n|move|p1a: Latias|Roost|p1a: Latias\n|-heal|p1a: Latias|92/100 tox\n|-singleturn|p1a: Latias|move: Roost\n|move|p2a: Heatran|Stealth Rock|p1a: Latias\n|-sidestart|p1: sasquatchsiralt6|move: Stealth Rock\n|\n|-heal|p2a: Heatran|43/100 par|[from] item: Leftovers\n|-damage|p1a: Latias|74/100 tox|[from] psn\n|-damage|p1a: Latias|62/100 tox|[from] move: Magma Storm|[partiallytrapped]\n|upkeep\n|turn|45\n|\n|t:|1773077570\n|move|p1a: Latias|Psychic|p2a: Heatran\n|-resisted|p2a: Heatran\n|-damage|p2a: Heatran|26/100 par\n|move|p2a: Heatran|Earth Power|p1a: Latias\n|-immune|p1a: Latias|[from] ability: Levitate\n|\n|-heal|p2a: Heatran|33/100 par|[from] item: Leftovers\n|-damage|p1a: Latias|38/100 tox|[from] psn\n|-damage|p1a: Latias|26/100 tox|[from] move: Magma Storm|[partiallytrapped]\n|upkeep\n|turn|46\n|\n|t:|1773077583\n|move|p1a: Latias|Roost|p1a: Latias\n|-heal|p1a: Latias|76/100 tox\n|-singleturn|p1a: Latias|move: Roost\n|move|p2a: Heatran|Earth Power|p1a: Latias\n|-immune|p1a: Latias|[from] ability: Levitate\n|\n|-heal|p2a: Heatran|39/100 par|[from] item: Leftovers\n|-damage|p1a: Latias|46/100 tox|[from] psn\n|-end|p1a: Latias|Magma Storm|[partiallytrapped]\n|upkeep\n|turn|47\n|\n|t:|1773077592\n|move|p1a: Latias|Psychic|p2a: Heatran\n|-resisted|p2a: Heatran\n|-damage|p2a: Heatran|23/100 par\n|move|p2a: Heatran|Magma Storm|p1a: Latias\n|-resisted|p1a: Latias\n|-crit|p1a: Latias\n|-damage|p1a: Latias|19/100 tox\n|-activate|p1a: Latias|move: Magma Storm|[of] p2a: Heatran\n|\n|-heal|p2a: Heatran|29/100 par|[from] item: Leftovers\n|-damage|p1a: Latias|0 fnt|[from] psn\n|faint|p1a: Latias\n|detailschange|p1: Latias|Latias, F|[silent]\n|\n|win|rommurerm\n|raw|sasquatchsiralt6's rating: 1072 &rarr; <strong>1057</strong><br />(-15 for losing)\n|raw|rommurerm's rating: 1000 &rarr; <strong>1054</strong><br />(+54 for winning)\n|c|☆sasquatchsiralt6|Gg\n|c|☆rommurerm|gg\n|l|☆sasquatchsiralt6\n|player|p1|\n"}