{"id":"roriashowdown-gen9natdexrcou-2036","p1":"The Sword of Ruin","p2":"","format":"[Gen 9] NatDex RC OU","uploadtime":1773093226,"log":"|j|☆The Sword of Ruin\n|j|☆Russianum\n|t:|1773092978\n|gametype|singles\n|player|p1|The Sword of Ruin|volo|1204\n|player|p2|Russianum|1|1173\n|gen|9\n|tier|[Gen 9] NatDex RC OU\n|rated|\n|rule|HP Percentage Mod: HP is shown in percentages\n|rule|Endless Battle Clause: Forcing endless battles is banned\n|rule|Species Clause: Limit one of each Pokémon\n|rule|OHKO Clause: OHKO moves are banned\n|rule|Evasion Clause: Evasion abilities, items, and moves are banned\n|rule|Evasion Abilities Clause: Evasion abilities are banned\n|rule|Evasion Items Clause: Evasion items are banned\n|rule|Evasion Moves Clause: Evasion moves are banned\n|rule|Sleep Clause Mod: Limit one foe put to sleep\n|rule|Terastal Clause: You cannot Terastallize\n|clearpoke\n|poke|p1|Excadrill, F|\n|poke|p1|Tyranitar, F|\n|poke|p1|Tapu Lele|\n|poke|p1|Zapdos|\n|poke|p1|Alomomola, F|\n|poke|p1|Zamazenta-*|\n|poke|p2|Alomomola, F|\n|poke|p2|Talonflame, F|\n|poke|p2|Ting-Lu|\n|poke|p2|Excadrill, M|\n|poke|p2|Raging Bolt|\n|poke|p2|Zamazenta-*|\n|teampreview\n|\n|t:|1773092999\n|teamsize|p1|6\n|teamsize|p2|6\n|start\n|switch|p1a: Tyranitar|Tyranitar, F|100/100\n|switch|p2a: Excadrill|Excadrill, M|100/100\n|-weather|Sandstorm|[from] ability: Sand Stream|[of] p1a: Tyranitar\n|turn|1\n|\n|t:|1773093011\n|switch|p1a: Alomomola|Alomomola, F|100/100\n|detailschange|p2a: Excadrill|Excadrill-Mega, M\n|-mega|p2a: Excadrill|Excadrill|Excadrite\n|-ability|p2a: Excadrill|Mold Breaker\n|move|p2a: Excadrill|Earthquake|p1a: Alomomola\n|-damage|p1a: Alomomola|63/100\n|\n|-weather|Sandstorm|[upkeep]\n|-damage|p1a: Alomomola|56/100|[from] Sandstorm\n|upkeep\n|turn|2\n|\n|t:|1773093016\n|move|p2a: Excadrill|Earthquake|p1a: Alomomola\n|-damage|p1a: Alomomola|17/100\n|move|p1a: Alomomola|Flip Turn|p2a: Excadrill\n|-supereffective|p2a: Excadrill\n|-damage|p2a: Excadrill|69/100\n|\n|t:|1773093018\n|switch|p1a: Excadrill|Excadrill, F|100/100|[from] Flip Turn\n|\n|-weather|Sandstorm|[upkeep]\n|upkeep\n|turn|3\n|\n|t:|1773093028\n|switch|p2a: Alomomola|Alomomola, F|100/100\n|move|p1a: Excadrill|Earthquake|p2a: Alomomola\n|-damage|p2a: Alomomola|72/100\n|\n|-weather|Sandstorm|[upkeep]\n|-damage|p2a: Alomomola|66/100|[from] Sandstorm\n|upkeep\n|turn|4\n|\n|t:|1773093033\n|move|p1a: Excadrill|Swords Dance|p1a: Excadrill\n|-boost|p1a: Excadrill|atk|2\n|move|p2a: Alomomola|Flip Turn|p1a: Excadrill\n|-supereffective|p1a: Excadrill\n|-damage|p1a: Excadrill|57/100\n|\n|t:|1773093039\n|switch|p2a: Zamazenta|Zamazenta|100/100|[from] Flip Turn\n|-ability|p2a: Zamazenta|Dauntless Shield|boost\n|-boost|p2a: Zamazenta|def|1\n|\n|-weather|Sandstorm|[upkeep]\n|-damage|p2a: Zamazenta|94/100|[from] Sandstorm\n|upkeep\n|turn|5\n|\n|t:|1773093042\n|switch|p1a: Zapdos|Zapdos|100/100\n|move|p2a: Zamazenta|Close Combat|p1a: Zapdos\n|-resisted|p1a: Zapdos\n|-damage|p1a: Zapdos|76/100\n|-unboost|p2a: Zamazenta|def|1\n|-unboost|p2a: Zamazenta|spd|1\n|-status|p2a: Zamazenta|par|[from] ability: Static|[of] p1a: Zapdos\n|\n|-weather|none\n|upkeep\n|turn|6\n|\n|t:|1773093047\n|move|p1a: Zapdos|Hurricane|p2a: Zamazenta\n|-supereffective|p2a: Zamazenta\n|-damage|p2a: Zamazenta|0 fnt\n|faint|p2a: Zamazenta\n|\n|upkeep\n|\n|t:|1773093052\n|switch|p2a: Ting-Lu|Ting-Lu|100/100\n|-ability|p2a: Ting-Lu|Vessel of Ruin\n|turn|7\n|\n|t:|1773093055\n|switch|p1a: Alomomola|Alomomola, F|50/100\n|move|p2a: Ting-Lu|Stealth Rock|p1a: Alomomola\n|-sidestart|p1: The Sword of Ruin|move: Stealth Rock\n|\n|upkeep\n|turn|8\n|\n|t:|1773093062\n|switch|p2a: Raging Bolt|Raging Bolt|100/100\n|move|p1a: Alomomola|Toxic|p2a: Raging Bolt\n|-status|p2a: Raging Bolt|tox\n|\n|-damage|p2a: Raging Bolt|94/100 tox|[from] psn\n|upkeep\n|turn|9\n|\n|t:|1773093067\n|switch|p1a: Tapu Lele|Tapu Lele|100/100\n|-damage|p1a: Tapu Lele|88/100|[from] Stealth Rock\n|-fieldstart|move: Psychic Terrain|[from] ability: Psychic Surge|[of] p1a: Tapu Lele\n|move|p2a: Raging Bolt|Dragon Pulse|p1a: Tapu Lele\n|-immune|p1a: Tapu Lele\n|\n|-damage|p2a: Raging Bolt|82/100 tox|[from] psn\n|upkeep\n|turn|10\n|\n|t:|1773093073\n|move|p2a: Raging Bolt|Thunderclap|p1a: Tapu Lele\n|-activate|p1a: Tapu Lele|move: Psychic Terrain\n|move|p1a: Tapu Lele|Moonblast|p2a: Raging Bolt\n|-supereffective|p2a: Raging Bolt\n|-damage|p2a: Raging Bolt|0 fnt\n|faint|p2a: Raging Bolt\n|-end|p2a: Raging Bolt|Protosynthesis|[silent]\n|\n|upkeep\n|\n|t:|1773093082\n|switch|p2a: Talonflame|Talonflame, F|100/100\n|turn|11\n|\n|t:|1773093086\n|switch|p1a: Alomomola|Alomomola, F|84/100\n|move|p2a: Talonflame|Swords Dance|p2a: Talonflame\n|-boost|p2a: Talonflame|atk|2\n|\n|upkeep\n|turn|12\n|\n|t:|1773093092\n|-zpower|p2a: Talonflame\n|move|p2a: Talonflame|Supersonic Skystrike|p1a: Alomomola|[zeffect]\n|-activate|p1a: Alomomola|move: Psychic Terrain\n|move|p1a: Alomomola|Flip Turn|p2a: Talonflame\n|-supereffective|p2a: Talonflame\n|-damage|p2a: Talonflame|50/100\n|c|☆The Sword of Ruin|LMAO\n|\n|t:|1773093102\n|switch|p1a: Tapu Lele|Tapu Lele|88/100|[from] Flip Turn\n|-damage|p1a: Tapu Lele|76/100|[from] Stealth Rock\n|\n|upkeep\n|turn|13\n|c|☆Russianum|💔\n|\n|t:|1773093114\n|switch|p2a: Excadrill|Excadrill-Mega, M|69/100\n|-ability|p2a: Excadrill|Mold Breaker\n|move|p1a: Tapu Lele|Psychic|p2a: Excadrill\n|-resisted|p2a: Excadrill\n|-damage|p2a: Excadrill|27/100\n|\n|-fieldend|move: Psychic Terrain\n|upkeep\n|turn|14\n|\n|t:|1773093123\n|move|p1a: Tapu Lele|Psychic|p2a: Excadrill\n|-resisted|p2a: Excadrill\n|-crit|p2a: Excadrill\n|-damage|p2a: Excadrill|0 fnt\n|faint|p2a: Excadrill\n|detailschange|p2: Excadrill|Excadrill, M|[silent]\n|\n|upkeep\n|\n|t:|1773093131\n|switch|p2a: Talonflame|Talonflame, F|50/100\n|turn|15\n|\n|t:|1773093133\n|move|p1a: Tapu Lele|Psychic|p2a: Talonflame\n|-damage|p2a: Talonflame|0 fnt\n|faint|p2a: Talonflame\n|\n|upkeep\n|\n|t:|1773093136\n|switch|p2a: Ting-Lu|Ting-Lu|100/100\n|-ability|p2a: Ting-Lu|Vessel of Ruin\n|turn|16\n|\n|t:|1773093142\n|switch|p1a: Zamazenta|Zamazenta|100/100\n|-damage|p1a: Zamazenta|94/100|[from] Stealth Rock\n|-ability|p1a: Zamazenta|Dauntless Shield|boost\n|-boost|p1a: Zamazenta|def|1\n|move|p2a: Ting-Lu|Earthquake|p1a: Zamazenta\n|-damage|p1a: Zamazenta|78/100\n|\n|-heal|p1a: Zamazenta|84/100|[from] item: Leftovers\n|upkeep\n|turn|17\n|\n|t:|1773093146\n|switch|p2a: Alomomola|Alomomola, F|99/100\n|move|p1a: Zamazenta|Body Press|p2a: Alomomola\n|-crit|p2a: Alomomola\n|-damage|p2a: Alomomola|54/100\n|-damage|p1a: Zamazenta|68/100|[from] item: Rocky Helmet|[of] p2a: Alomomola\n|\n|-heal|p1a: Zamazenta|74/100|[from] item: Leftovers\n|upkeep\n|turn|18\n|\n|t:|1773093148\n|move|p1a: Zamazenta|Substitute|p1a: Zamazenta\n|-start|p1a: Zamazenta|Substitute\n|-damage|p1a: Zamazenta|49/100\n|move|p2a: Alomomola|Toxic||[still]\n|-fail|p2a: Alomomola\n|\n|-heal|p1a: Zamazenta|55/100|[from] item: Leftovers\n|upkeep\n|turn|19\n|\n|t:|1773093151\n|move|p1a: Zamazenta|Iron Defense|p1a: Zamazenta\n|-boost|p1a: Zamazenta|def|2\n|move|p2a: Alomomola|Wish|p2a: Alomomola\n|\n|-heal|p1a: Zamazenta|61/100|[from] item: Leftovers\n|upkeep\n|turn|20\n|\n|t:|1773093155\n|move|p1a: Zamazenta|Iron Defense|p1a: Zamazenta\n|-boost|p1a: Zamazenta|def|2\n|move|p2a: Alomomola|Flip Turn|p1a: Zamazenta\n|-activate|p1a: Zamazenta|move: Substitute|[damage]\n|\n|t:|1773093157\n|switch|p2a: Ting-Lu|Ting-Lu|100/100|[from] Flip Turn\n|-ability|p2a: Ting-Lu|Vessel of Ruin\n|\n|-heal|p1a: Zamazenta|67/100|[from] item: Leftovers\n|upkeep\n|turn|21\n|\n|t:|1773093160\n|move|p1a: Zamazenta|Body Press|p2a: Ting-Lu\n|-supereffective|p2a: Ting-Lu\n|-damage|p2a: Ting-Lu|0 fnt\n|faint|p2a: Ting-Lu\n|\n|-heal|p1a: Zamazenta|73/100|[from] item: Leftovers\n|upkeep\n|\n|t:|1773093169\n|switch|p2a: Alomomola|Alomomola, F|87/100\n|turn|22\n|\n|t:|1773093173\n|move|p1a: Zamazenta|Body Press|p2a: Alomomola\n|-damage|p2a: Alomomola|25/100\n|-damage|p1a: Zamazenta|57/100|[from] item: Rocky Helmet|[of] p2a: Alomomola\n|move|p2a: Alomomola|Flip Turn|p1a: Zamazenta\n|-activate|p1a: Zamazenta|move: Substitute|[damage]\n|\n|-heal|p1a: Zamazenta|63/100|[from] item: Leftovers\n|upkeep\n|turn|23\n|c|☆Russianum|gg\n|\n|t:|1773093181\n|move|p1a: Zamazenta|Body Press|p2a: Alomomola\n|-damage|p2a: Alomomola|0 fnt\n|-damage|p1a: Zamazenta|47/100|[from] item: Rocky Helmet|[of] p2a: Alomomola\n|faint|p2a: Alomomola\n|\n|win|The Sword of Ruin\n|raw|The Sword of Ruin's rating: 1204 &rarr; <strong>1219</strong><br />(+15 for winning)\n|raw|Russianum's rating: 1173 &rarr; <strong>1152</strong><br />(-21 for losing)\n|c|☆The Sword of Ruin|gg\n|l|☆Russianum\n|player|p2|\n"}