{"id":"roriashowdown-gen9natdexrcvgcalphabetcup-1843","p1":"Scrappy9","p2":"bubblemew","format":"[Gen 9] NatDex RC VGC Alphabet Cup","uploadtime":1773076811,"log":"|j|☆Scrappy9\n|j|☆bubblemew\n|html|<table width=\"100%\"><tr><td align=\"left\">Scrappy9</td><td align=\"right\">bubblemew</tr><tr><td align=\"left\"><i class=\"fa fa-circle\"></i> <i class=\"fa fa-circle-o\"></i> </td><td align=\"right\"><i class=\"fa fa-circle-o\"></i> <i class=\"fa fa-circle-o\"></i> </tr></table>\n|uhtml|bestof|<h2><strong>Game 2</strong> of <a href=\"/game-bestof3-gen9natdexrcvgcalphabetcup-1841-vn4iqkv8cn26smpma1mso9tbbuova3wpw\">a best-of-3</a></h2>\n|t:|1773076371\n|gametype|doubles\n|player|p1|Scrappy9|workerice|\n|player|p2|bubblemew|cynthia|\n|gen|9\n|tier|[Gen 9] NatDex RC VGC Alphabet Cup\n|rule|Species Clause: Limit one of each Pokémon\n|rule|Item Clause: Limit 1 of each item\n|rule|HP Percentage Mod: HP is shown in percentages\n|rule|Endless Battle Clause: Forcing endless battles is banned\n|rule|Terastal Clause: You cannot Terastallize\n|raw|<div class=\"infobox\"><details class=\"readmore\" open><summary><strong>1 custom rule:</strong></summary> Best of = 3</details></div>\n|clearpoke\n|poke|p1|Umbreon, L50, M|\n|poke|p1|Unfezant, L50, M|\n|poke|p1|Ursaluna, L50, F|\n|poke|p1|Ursaring, L50, F|\n|poke|p1|Urshifu-*, L50, M|\n|poke|p1|Uxie, L50|\n|poke|p2|Slurpuff, L50, M|\n|poke|p2|Sinistcha, L50|\n|poke|p2|Skeledirge, L50, M|\n|poke|p2|Salamence, L50, M|\n|poke|p2|Sandy Shocks, L50|\n|poke|p2|Sneasler, L50, M|\n|teampreview|4\n|showteam|p1|Umbreon||SitrusBerry|Synchronize|BaddyBad,Snarl,HelpingHand,Protect|||M|||50|]Unfezant||ChoiceBand|SuperLuck|ExtremeSpeed,BraveBird,CrushClaw,Uturn|||M|||50|]Ursaluna||FlameOrb|Guts|Facade,HeadlongRush,Protect,DrainPunch|||F|||50|]Ursaring||Eviolite|Intimidate|DoubleEdge,PowerUpPunch,Crunch,Protect|||F|||50|]Urshifu-Rapid-Strike||ChoiceScarf|UnseenFist|SurgingStrikes,IceSpinner,CloseCombat,Uturn|||M|||50|]Uxie||Leftovers|Levitate|TrickRoom,AllySwitch,Psychic,Memento||||||50|\n|showteam|p2|Slurpuff||SitrusBerry|Unburden|PlayRough,DrainPunch,BellyDrum,Protect|||M|||50|]Sinistcha||Leftovers|Hospitality|RagePowder,MatchaGotcha,TrickRoom,ShadowBall||||||50|]Skeledirge||ChoiceSpecs|Unaware|AlluringVoice,HeatWave,TorchSong,ShadowBall|||M|||50|]Salamence||Salamencite|Intimidate|Protect,DragonClaw,BreakingSwipe,DoubleEdge|||M|||50|]Sandy Shocks||BoosterEnergy|Protosynthesis|EarthPower,Protect,VoltSwitch,Thunderbolt||||||50|]Sneasler||FocusSash|PoisonTouch|Protect,DireClaw,FakeOut,CloseCombat|||M|||50|\n|\n|t:|1773076436\n|teamsize|p1|4\n|teamsize|p2|4\n|start\n|switch|p1a: Uxie|Uxie, L50|100/100\n|switch|p1b: Ursaluna|Ursaluna, L50, F|100/100\n|switch|p2a: Sneasler|Sneasler, L50, M|100/100\n|switch|p2b: Skeledirge|Skeledirge, L50, M|100/100\n|turn|1\n|\n|t:|1773076467\n|move|p1b: Ursaluna|Protect|p1b: Ursaluna\n|-singleturn|p1b: Ursaluna|Protect\n|move|p2a: Sneasler|Fake Out|p1b: Ursaluna\n|-activate|p1b: Ursaluna|move: Protect\n|move|p2b: Skeledirge|Torch Song|p1b: Ursaluna\n|-activate|p1b: Ursaluna|move: Protect\n|move|p1a: Uxie|Trick Room|p1a: Uxie\n|-fieldstart|move: Trick Room|[of] p1a: Uxie\n|\n|-status|p1b: Ursaluna|brn|[from] item: Flame Orb\n|upkeep\n|turn|2\n|\n|t:|1773076636\n|move|p1b: Ursaluna|Headlong Rush|p2b: Skeledirge\n|-supereffective|p2b: Skeledirge\n|-damage|p2b: Skeledirge|0 fnt\n|-unboost|p1b: Ursaluna|def|1\n|-unboost|p1b: Ursaluna|spd|1\n|faint|p2b: Skeledirge\n|move|p1a: Uxie|Psychic|p2a: Sneasler\n|-supereffective|p2a: Sneasler\n|-enditem|p2a: Sneasler|Focus Sash\n|-damage|p2a: Sneasler|1/100\n|move|p2a: Sneasler|Close Combat|p1b: Ursaluna\n|-supereffective|p1b: Ursaluna\n|-damage|p1b: Ursaluna|0 fnt\n|-unboost|p2a: Sneasler|def|1\n|-unboost|p2a: Sneasler|spd|1\n|faint|p1b: Ursaluna\n|\n|upkeep\n|\n|t:|1773076657\n|switch|p1b: Unfezant|Unfezant, L50, M|100/100\n|switch|p2b: Sinistcha|Sinistcha, L50|100/100\n|-heal|p2a: Sneasler|26/100|[from] ability: Hospitality|[of] p2b: Sinistcha\n|turn|3\n|\n|t:|1773076691\n|switch|p2a: Salamence|Salamence, L50, M|100/100\n|-ability|p2a: Salamence|Intimidate|boost\n|-unboost|p1a: Uxie|atk|1\n|-unboost|p1b: Unfezant|atk|1\n|move|p1a: Uxie|Memento|p2b: Sinistcha\n|-unboost|p2b: Sinistcha|atk|2\n|-unboost|p2b: Sinistcha|spa|2\n|faint|p1a: Uxie\n|move|p1b: Unfezant|Brave Bird|p2a: Salamence\n|-damage|p2a: Salamence|29/100\n|-damage|p1b: Unfezant|73/100|[from] Recoil\n|move|p2b: Sinistcha|Trick Room|p2b: Sinistcha\n|-fieldend|move: Trick Room\n|\n|upkeep\n|\n|t:|1773076703\n|switch|p1a: Umbreon|Umbreon, L50, M|100/100\n|turn|4\n|\n|t:|1773076727\n|detailschange|p2a: Salamence|Salamence-Mega, L50, M\n|-mega|p2a: Salamence|Salamence|Salamencite\n|move|p2a: Salamence|Breaking Swipe|p1a: Umbreon|[spread] p1a,p1b\n|-damage|p1a: Umbreon|80/100\n|-damage|p1b: Unfezant|35/100\n|-unboost|p1a: Umbreon|atk|1\n|-unboost|p1b: Unfezant|atk|1\n|move|p1b: Unfezant|Brave Bird|p2b: Sinistcha\n|-supereffective|p2b: Sinistcha\n|-damage|p2b: Sinistcha|18/100\n|-damage|p1b: Unfezant|7/100|[from] Recoil\n|move|p2b: Sinistcha|Matcha Gotcha|p1a: Umbreon|[spread] p1a,p1b\n|-resisted|p1b: Unfezant\n|-damage|p1a: Umbreon|71/100\n|-heal|p2b: Sinistcha|23/100|[from] drain|[of] p1a: Umbreon\n|-damage|p1b: Unfezant|0 fnt\n|-heal|p2b: Sinistcha|26/100|[from] drain|[of] p1b: Unfezant\n|-status|p1a: Umbreon|brn\n|-activate|p1a: Umbreon|ability: Synchronize\n|-status|p2b: Sinistcha|brn\n|faint|p1b: Unfezant\n|move|p1a: Umbreon|Baddy Bad|p2b: Sinistcha\n|-supereffective|p2b: Sinistcha\n|-damage|p2b: Sinistcha|0 fnt\n|-sidestart|p1: Scrappy9|Reflect\n|faint|p2b: Sinistcha\n|\n|-damage|p1a: Umbreon|65/100 brn|[from] brn\n|upkeep\n|\n|t:|1773076768\n|switch|p2b: Sneasler|Sneasler, L50, M|26/100\n|turn|5\n|\n|t:|1773076781\n|move|p2b: Sneasler|Fake Out|p1a: Umbreon\n|-damage|p1a: Umbreon|58/100 brn\n|move|p2a: Salamence|Double-Edge|p1a: Umbreon\n|-damage|p1a: Umbreon|17/100 brn\n|-enditem|p1a: Umbreon|Sitrus Berry|[eat]\n|-heal|p1a: Umbreon|42/100 brn|[from] item: Sitrus Berry\n|-damage|p2a: Salamence|15/100|[from] Recoil\n|cant|p1a: Umbreon|flinch\n|\n|-damage|p1a: Umbreon|35/100 brn|[from] brn\n|upkeep\n|turn|6\n|\n|t:|1773076797\n|move|p2b: Sneasler|Close Combat|p1a: Umbreon\n|-supereffective|p1a: Umbreon\n|-damage|p1a: Umbreon|0 fnt\n|-unboost|p2b: Sneasler|def|1\n|-unboost|p2b: Sneasler|spd|1\n|faint|p1a: Umbreon\n|\n|win|bubblemew\n||Scrappy9 is ready for game 3.\n|inactive|bubblemew has 30 seconds to confirm battle start!\n"}