{"id":"roriashowdown-gen9natdexrcvgc2026regb-1799","p1":"","p2":"","format":"[Gen 9] NatDex RC VGC 2026 Reg B","uploadtime":1772924374,"log":"|j|☆Ammario8239\n|j|☆Jahim\n|inactive|Battle timer is ON: inactive players will automatically lose when time's up.\n|t:|1772923545\n|gametype|doubles\n|player|p1|Ammario8239|169|\n|player|p2|Jahim|1|\n|gen|9\n|tier|[Gen 9] NatDex RC VGC 2026 Reg B\n|rated|Tournament battle\n|rule|Species Clause: Limit one of each Pokémon\n|rule|Item Clause: Limit 1 of each item\n|rule|HP Percentage Mod: HP is shown in percentages\n|rule|Endless Battle Clause: Forcing endless battles is banned\n|rule|Terastal Clause: You cannot Terastallize\n|clearpoke\n|poke|p1|Froslass, L50, F|\n|poke|p1|Regice, L50|\n|poke|p1|Kingambit, L50, F|\n|poke|p1|Tornadus, L50, M|\n|poke|p1|Farigiraf, L50, M|\n|poke|p1|Arcanine-Hisui, L50, M|\n|poke|p2|Bronzong, L50|\n|poke|p2|Archaludon, L50, M|\n|poke|p2|Kingdra, L50, F|\n|poke|p2|Incineroar, L50, M|\n|poke|p2|Kilowattrel, L50, M|\n|poke|p2|Swampert, L50, M|\n|teampreview|4\n|showteam|p1|Froslass||Froslassite|SnowWarning|Blizzard,Protect,IceBeam,ShadowBall|||F|||50|]Regice||LightClay|SnowWarning|AuroraVeil,Blizzard,Protect,Thunderbolt||||||50|]Kingambit||LifeOrb|Defiant|SuckerPunch,KowtowCleave,IronHead,Protect|||F|||50|]Tornadus||FocusSash|Prankster|Tailwind,BleakwindStorm,Taunt,Snowscape|||M|||50|]Farigiraf||ThroatSpray|ArmorTail|HyperVoice,Imprison,TrickRoom,ExpandingForce|||M|||50|]Arcanine-Hisui||ChoiceBand|Intimidate|CloseCombat,ExtremeSpeed,FlareBlitz,HeadSmash|||M|||50|\n|showteam|p2|Bronzong||DampRock|Drizzle|HeavySlam,HelpingHand,TrickRoom,Protect||||||50|]Archaludon||AssaultVest|Stamina|ElectroShot,DracoMeteor,FlashCannon,BodyPress|||M|||50|]Kingdra||LifeOrb|SwiftSwim|ClearSmog,MuddyWater,DracoMeteor,Protect|||F|||50|]Incineroar||SafetyGoggles|Intimidate|KnockOff,FakeOut,PartingShot,Taunt|||M|||50|]Kilowattrel||FocusSash|Competitive|Hurricane,Thunder,Tailwind,Protect|||M|||50|]Swampert||Swampertite|Damp|Waterfall,HighHorsepower,IcePunch,Protect|||M|||50|\n|c|☆Jahim|im using my reg a team by a missclick\n|inactive|Ammario8239 has 60 seconds left.\n|inactive|Jahim has 60 seconds left.\n|c|☆Ammario8239|I see\n|inactive|Ammario8239 has 30 seconds left.\n|inactive|Jahim has 30 seconds left.\n|inactive|Ammario8239 has 20 seconds left.\n|inactive|Jahim has 20 seconds left.\n|inactive|Ammario8239 has 15 seconds left.\n|inactive|Jahim has 15 seconds left.\n|inactive|Ammario8239 has 10 seconds left.\n|inactive|Jahim has 10 seconds left.\n|\n|t:|1772923627\n|teamsize|p1|4\n|teamsize|p2|4\n|start\n|switch|p1a: Frosty|Froslass, L50, F, shiny|100/100\n|switch|p1b: Restless Gambler|Kingambit, L50, F, shiny|100/100\n|switch|p2a: Swampert|Swampert, L50, M|100/100\n|switch|p2b: Archaludon|Archaludon, L50, M|100/100\n|-weather|Snowscape|[from] ability: Snow Warning|[of] p1a: Frosty\n|turn|1\n|\n|t:|1772923649\n|switch|p1b: The twister|Tornadus, L50, M, shiny|100/100\n|detailschange|p1a: Frosty|Froslass-Mega, L50, F, shiny\n|-mega|p1a: Frosty|Froslass|Froslassite\n|detailschange|p2a: Swampert|Swampert-Mega, L50, M\n|-mega|p2a: Swampert|Swampert|Swampertite\n|move|p1a: Frosty|Blizzard|p2a: Swampert|[spread] p2a,p2b\n|-damage|p2a: Swampert|60/100\n|-damage|p2b: Archaludon|58/100\n|-ability|p2b: Archaludon|Stamina|boost\n|-boost|p2b: Archaludon|def|1\n|move|p2b: Archaludon|Body Press|p1b: The twister\n|-resisted|p1b: The twister\n|-damage|p1b: The twister|81/100\n|move|p2a: Swampert|High Horsepower|p1a: Frosty\n|-damage|p1a: Frosty|51/100\n|\n|-weather|Snowscape|[upkeep]\n|upkeep\n|turn|2\n|\n|t:|1772923673\n|switch|p2a: Bronzong|Bronzong, L50|100/100\n|-weather|RainDance|[from] ability: Drizzle|[of] p2a: Bronzong\n|move|p1b: The twister|Snowscape|p1b: The twister\n|-weather|Snowscape\n|move|p1a: Frosty|Blizzard|p2b: Archaludon|[spread] p2a,p2b\n|-resisted|p2a: Bronzong\n|-damage|p2a: Bronzong|84/100\n|-damage|p2b: Archaludon|16/100\n|-ability|p2b: Archaludon|Stamina|boost\n|-boost|p2b: Archaludon|def|1\n|move|p2b: Archaludon|Electro Shot||[still]\n|-prepare|p2b: Archaludon|Electro Shot\n|-boost|p2b: Archaludon|spa|1\n|\n|-weather|Snowscape|[upkeep]\n|upkeep\n|turn|3\n|c|☆Jahim|nice one\n|inactive|Jahim has 30 seconds left.\n|inactive|Jahim has 20 seconds left.\n|\n|t:|1772923709\n|move|p1a: Frosty|Shadow Ball|p2a: Bronzong\n|-supereffective|p2a: Bronzong\n|-damage|p2a: Bronzong|12/100\n|-unboost|p2a: Bronzong|spd|1\n|move|p1b: The twister|Bleakwind Storm|p2b: Archaludon|[spread] p2a\n|-miss|p1b: The twister|p2b: Archaludon\n|-resisted|p2a: Bronzong\n|-damage|p2a: Bronzong|0 fnt\n|faint|p2a: Bronzong\n|move|p2b: Archaludon|Electro Shot|p1a: Frosty|[from] lockedmove\n|-damage|p1a: Frosty|0 fnt\n|faint|p1a: Frosty\n|detailschange|p1: Frosty|Froslass, L50, F, shiny|[silent]\n|\n|-weather|Snowscape|[upkeep]\n|upkeep\n|inactive|Ammario8239 has 30 seconds left.\n|c|☆Ammario8239|4th bleakwind miss in a row\n|\n|t:|1772923742\n|switch|p1a: Doggie GD|Arcanine-Hisui, L50, M, shiny|100/100\n|switch|p2a: Swampert|Swampert-Mega, L50, M|60/100\n|-ability|p1a: Doggie GD|Intimidate|boost\n|-unboost|p2a: Swampert|atk|1\n|-unboost|p2b: Archaludon|atk|1\n|turn|4\n|inactive|Jahim has 30 seconds left.\n|j| kalilinha\n|inactive|Jahim has 20 seconds left.\n|inactive|Jahim has 15 seconds left.\n|\n|t:|1772923785\n|move|p1a: Doggie GD|Close Combat|p2a: Swampert\n|-damage|p2a: Swampert|7/100\n|-unboost|p1a: Doggie GD|def|1\n|-unboost|p1a: Doggie GD|spd|1\n|move|p1b: The twister|Bleakwind Storm|p2a: Swampert|[spread] p2a\n|-miss|p1b: The twister|p2b: Archaludon\n|-damage|p2a: Swampert|0 fnt\n|faint|p2a: Swampert\n|detailschange|p2: Swampert|Swampert, L50, M|[silent]\n|move|p2b: Archaludon|Draco Meteor|p1b: The twister\n|-damage|p1b: The twister|0 fnt\n|-unboost|p2b: Archaludon|spa|2\n|faint|p1b: The twister\n|\n|-weather|Snowscape|[upkeep]\n|upkeep\n|c|☆Jahim|hey this one didnt matter\n|\n|t:|1772923796\n|switch|p1b: Restless Gambler|Kingambit, L50, F, shiny|100/100\n|switch|p2a: Kingdra|Kingdra, L50, F|100/100\n|turn|5\n|\n|t:|1772923811\n|move|p1a: Doggie GD|Close Combat|p2b: Archaludon\n|-supereffective|p2b: Archaludon\n|-damage|p2b: Archaludon|0 fnt\n|-unboost|p1a: Doggie GD|def|1\n|-unboost|p1a: Doggie GD|spd|1\n|faint|p2b: Archaludon\n|move|p2a: Kingdra|Muddy Water|p1b: Restless Gambler|[spread] p1a,p1b\n|-supereffective|p1a: Doggie GD\n|-damage|p1a: Doggie GD|0 fnt\n|-damage|p1b: Restless Gambler|56/100\n|faint|p1a: Doggie GD\n|-damage|p2a: Kingdra|91/100|[from] item: Life Orb\n|move|p1b: Restless Gambler|Kowtow Cleave|p2a: Kingdra\n|-damage|p2a: Kingdra|20/100\n|-damage|p1b: Restless Gambler|46/100|[from] item: Life Orb\n|\n|-weather|Snowscape|[upkeep]\n|upkeep\n|turn|6\n|\n|t:|1772923819\n|move|p2a: Kingdra|Protect|p2a: Kingdra\n|-singleturn|p2a: Kingdra|Protect\n|move|p1b: Restless Gambler|Sucker Punch||[still]\n|-fail|p1b: Restless Gambler\n|\n|-weather|none\n|upkeep\n|turn|7\n|c|☆Jahim|nvm ur jolly for some reason\n|\n|t:|1772923827\n|move|p2a: Kingdra|Protect||[still]\n|-fail|p2a: Kingdra\n|move|p1b: Restless Gambler|Sucker Punch||[still]\n|-fail|p1b: Restless Gambler\n|\n|upkeep\n|turn|8\n|\n|t:|1772923830\n|move|p1b: Restless Gambler|Sucker Punch|p2a: Kingdra\n|-damage|p2a: Kingdra|0 fnt\n|faint|p2a: Kingdra\n|-damage|p1b: Restless Gambler|36/100|[from] item: Life Orb\n|\n|win|Ammario8239\n|n|☆Ammario8239|ammario8239\n|n|☆Jahim|jahim\n|n| kalilinha|kalilinha\n|l|☆Jahim\n|player|p2|\n|l|☆Ammario8239\n|player|p1|\n|l| kalilinha\n"}